3046 4956
752 399 946 466 ...q-2..

352 546 422 609 Hoec
437 544 533 627 igitur
550 551 658 623 eurnt,
676 550 729 609 aut
747 561 807 626 ego
823 543 926 620 fallor,
945 562 1019 608 vera
1036 543 1153 624 Ulyssis
1168 539 1265 605 verba
1283 559 1291 607 τ

353 652 519 716 «Ithacam
532 650 656 728 habito,
675 653 738 714 tote
748 657 959 732 conspicuam,
978 651 1011 714 in
1028 669 1090 732 qua
1102 669 1196 713 mons
1211 655 1275 724 est,
1288 644 1377 712 Neri-

311 755 1377 837 tumfroudosum‚arduum.Quamcircumhabitanturinsuiaeplu-

310 863 417 941 rimae,
436 865 476 928 ab
488 865 557 927 aliis
572 864 640 927 atim
655 883 770 946 parum
788 861 952 939 distantem
968 863 1149 928 Dulichium
1165 862 1298 938 scilicet,
1318 863 1374 924 Sa-

311 986 426 1050 meque
444 977 474 1032 et
492 969 669 1050 Zacynthus
691 989 873 1034 nemorosa.
894 971 979 1052 Ipsa,
997 977 1030 1032 iu
1046 975 1126 1031 mart
1141 970 1247 1046 ficone,
1263 969 1375 1032 ceteris

311 1075 465 1138 remotior
478 1083 525 1140 est
539 1095 644 1138 cerrus
661 1077 806 1154 tenebras,
820 1077 898 1139 dum
912 1076 980 1139 aliae
995 1081 1158 1138 vertuntur
1174 1075 1216 1135 oot
1232 1093 1375 1136 auroram

301 1188 342 1253 ⁴et
355 1193 458 1255 solem.
475 1220 488 1244 n

351 1301 421 1363 Jarn
434 1303 521 1364 nulia
534 1300 715 1366 suntverba
728 1303 893 1385 quainter
909 1320 942 1365 se
957 1307 1148 1384 repugnent,
1163 1319 1222 1364 nec
1237 1301 1375 1383 amplius

312 1407 485 1489 ambigitur
502 1427 572 1490 quae
590 1409 628 1472 sit
647 1409 762 1482 ithaca,
781 1415 834 1470 aut
854 1407 910 1470 ubi
923 1407 1025 1490 jaceat
1042 1407 1076 1470 in
1095 1406 1187 1470 mari.
1205 1407 1296 1470 Nulla
1314 1406 1376 1469 alia

310 1512 414 1576 insula
425 1513 540 1577 rectius
555 1514 616 1578 dici
629 1520 732 1596 potest
744 1517 805 1576 tote
818 1516 990 1594 conspicuo¹
1006 1513 1088 1577 :sive
1099 1513 1186 1576 euim
1201 1513 1376 1576 Corinthia·

311 1635 385 1682 cum
410 1619 516 1684 sinum
537 1621 685 1703 liquerim
704 1619 766 1683 sive
788 1619 894 1682 Elidos
917 1619 1021 1683 littora
1046 1619 1291 1700 legas,tu1nex
1312 1619 1375 1682 alto

311 1726 485 1808 prospicies
495 1729 657 1791 excelsum
668 1727 847 1790 etaceteris
858 1727 1035 1808 seJ'unctum
1046 1731 1199 1796 montem,
1215 1743 1318 1788 unum
1329 1725 1375 1787 vi-

312 1828 433 1908 delicet,
446 1835 520 1916 quia
530 1834 563 1896 in
573 1852 676 1898 unum
686 1841 802 1898 coeunt
811 1833 874 1896 duc
886 1833 1052 1896 cacumina
1062 1851 1131 1913 quae
1143 1831 1246 1913 reipsa
1259 1830 1375 1894 isthmo

313 1944 344 1999 et
351 1945 446 2016 porte
460 1941 547 2018 tanqu
561 1938 703 2020 sejuncta
715 1946 799 2002 sunt.
809 1941 927 2019 Pergus
941 1957 1014 2001 vero
1027 1956 1034 2000 τ
1046 1956 1119 2000 curn
1131 1939 1198 2019 jam
1214 1937 1377 2019 Cephalle-

311 2043 421 2106 uioum
434 2061 570 2124 regnum
582 2044 760 2119 transieriS,
774 2049 805 2106 et
822 2043 855 2105 in
871 2050 1041 2125 conspectu
1055 2049 1209 2125 apparent
1225 2043 1312 2126 Epiri
1329 2044 1377 2126 ip-

312 2148 442 2229 siusque
461 2147 597 2212 Scheriae
607 2149 729 2224 littora,
745 2149 771 2212 si
782 2149 939 2213 Leucaten
952 2157 981 2212 et
994 2151 1131 2211 nimboso
1140 2155 1298 2211 cacumina
1307 2167 1377 2212 res·

311 2254 448 2336 pencris,
459 2253 554 2337 longe
565 2273 598 2319 se
611 2256 711 2319 oculis
724 2257 819 2320 etiam
831 2256 950 2338 praebet
964 2273 1069 2330 mons,
1084 2273 1123 2317 ex
1134 2254 1248 2318 vertice
1264 2272 1376 2336 prope·

313 2362 446 2426 modum
460 2362 612 2438 rotundo,
627 2366 716 2447 cujus
725 2364 868 2445 undique
878 2364 938 2427 sihi
948 2364 1049 2445 figura
1061 2363 1137 2425 satis
1146 2370 1278 2428 constat.
1291 2362 1377 2426 facil-

312 2468 387 2531 lime
399 2469 634 2550 agnoscendus,
651 2470 794 2533 Neritum
808 2469 925 2533 scilicet
938 2469 1089 2545 arduum,
1108 2475 1312 2550 cousptoocn.

353 2561 430 2624 Aliae
450 2561 577 2639 insulae,
599 2562 640 2625 ab
658 2563 780 2626 oriente
803 2560 844 2626 ad
860 2562 1028 2626 meridiem
1045 2569 1252 2639 muccosum,
1271 2565 1305 2626 in
1322 2581 1375 2626 cr·

297 2664 405 2731 'hem’
420 2667 541 2732 circmn
564 2668 704 2733 Ithacam
723 2670 959 2751 glomerantur3
978 2670 1196 2752 querereris,
1214 2669 1376 2752 Cephalle-

345 2903 367 2950 1.
384 2901 472 2965 Neque
484 2899 557 2951 aliter
569 2903 687 2958 εὐδείελος
703 2903 768 2953 verti
779 2909 876 2968 potest,
889 2909 918 2953 ut
928 2903 1005 2953 etiam
1013 2917 1043 2952 ex
1050 2901 1142 2953 ceteris
1153 2902 1199 2952 uo.
1208 2901 1271 2952 locis
1281 2903 1375 2970 liquet,

312 2976 452 3041 prasertim
463 2991 493 3027 ex
505 2977 544 3028 his
555 2978 653 3044 Ulyssis
664 2980 747 3031 verbis
757 2983 833 3043 111111,
844 2983 898 3034 aaa
911 2996 916 3028 :
1142 2999 1149 3025 a

451 3093 486 3144 ’II
498 3097 547 3146 uoti
559 3114 595 3152 τις
606 3099 687 3156 νήσων
701 3097 829 3157 εὐδείελος,
840 3097 869 3157 ὴέ
881 3115 916 3154 τις
930 3099 992 3156 ἀκτή

452 3167 518 3218 Kait'
534 3169 711 3232 trinominem
723 3172 871 3235 {quintanae
881 3173 1007 3236 ἠπείροιο,

312 3285 357 3335 nbi
368 3284 428 3334 bene
439 3287 475 3334 cti
486 3299 602 3338 omasum
611 3302 700 3348 uerso,
713 3293 742 3339 ut
755 3289 843 3340 Strabo
854 3291 885 3352 (I.
898 3291 933 3355 X)
944 3296 970 3341 et
981 3290 1033 3351 alii,
1047 3291 1191 3356 pariterque
1202 3294 1373 3358 oprimen-

313 3361 372 3424 πῦρ,
389 3367 419 3412 ut
427 3360 544 3420 Vossius.
555 3361 715 3426 interpretati
727 3370 800 3424 sunt,
816 3379 891 3416 sensu
904 3366 1007 3416 omnino
1019 3374 1125 3419 carent:
1143 3370 1246 3434 Ulysses
1260 3371 1328 3422 enim
1344 3371 1375 3420 de

313 3437 397 3489 insula
408 3451 568 3503 quacumque
578 3438 704 3503 loquitur;
715 3441 782 3491 unde
792 3449 896 3506 apparet
905 3445 1025 3494 εὐδείελον
1038 3445 1102 3495 nihil
1111 3444 1181 3495 aliud
1193 3460 1257 3505 esse,
1272 3460 1332 3496 cum
1343 3445 1375 3495 de
1390 3503 1396 3516 1

313 3510 397 3562 insula
414 3517 513 3576 agatur,
527 3525 603 3576 quam
615 3514 768 3578 expletivum
785 3515 837 3567 sive
849 3518 1011 3568 Homericum
1027 3519 1182 3584 epithetum,
1197 3520 1278 3571 veluti
1295 3521 1374 3572 εὐκτί-

314 3607 385 3655 μινος
397 3588 478 3640 omnis
491 3589 551 3640 orbs
561 3596 606 3640 aut
616 3590 721 3650 domus,
731 3593 772 3643 vel
786 3593 882 3658 ignota,
894 3596 1015 3660 appellari
1026 3602 1110 3662 potest
1123 3597 1192 3661 (ou,
1205 3601 1245 3658 VI.
1260 3602 1318 3658 315:
1332 3603 1373 3658 Ix,

313 3669 373 3724 133,
386 3670 411 3714 et
423 3664 503 3728 alias).
518 3664 605 3716 Ithaca
616 3679 684 3726 vero,
701 3681 753 3731 prae
765 3669 856 3719 ceteris
872 3669 971 3728 insulis,
982 3685 997 3720 a
1009 3672 1147 3723 continenti
1157 3673 1231 3724 valde
1246 3675 1373 3738 sejuncta,

314 3737 423 3803 ideoque
435 3739 537 3792 inmari
549 3740 622 3790 valde
630 3740 767 3805 conspicua
779 3755 830 3792 non
840 3744 921 3794 semel
931 3745 1026 3795 dicitur
1038 3745 1105 3810 (Oct,
1120 3750 1152 3806 ΙΙ,
1164 3750 1222 3807 tom
1233 3750 1298 3806 XIII,
1311 3751 1374 3812 ²12).

344 3819 368 3866 2.
384 3815 487 3879 Proprie
499 3816 567 3882 ἀμφί.
580 3819 645 3875 Nec,
659 3817 686 3866 in
695 3830 772 3867 versu
781 3817 934 3884 insequenti,
949 3835 994 3885 pro
1006 3823 1094 3872 πολλαὶ
1107 3823 1222 3886 aliquos,
1235 3825 1375 3874 nonnullas

312 3895 410 3940 vertere
419 3889 575 3950 dubitarem
589 3893 634 3943 sed
647 3898 672 3943 et
685 3893 801 3956 plurimae
810 3894 860 3946 dici
873 3903 981 3961 possunt
991 3899 1193 3963 Cephallensium
1202 3899 1291 3951 insulae
1303 3917 1308 3950 :
1321 3903 1372 3951 Du:

313 3963 431 4024 tichium.
449 3969 533 4026 some,
550 3967 744 4034 zacynthusque
761 3969 820 4022 sola
836 3970 919 4036 dignae
935 3979 1008 4024 erant
1025 3989 1081 4039 quae
1091 3973 1242 4025 nominatim
1258 3976 1373 4039 designa·

313 4045 413 4098 rentum
426 4041 536 4092 minores
549 4057 608 4094 roro
621 4044 707 4098 multa
716 4042 807 4096 incolae
819 4044 871 4096 sire
883 4048 1001 4099 Dulichio
1015 4055 1040 4099 et
1051 4050 1191 4102 continenti
1201 4049 1293 4114 (Itur.
1307 4051 1371 4114 aaa),

275 4668 715 4944 r*
752 4598 958 4944 fit
