3046 4956
624 405 818 474 -41,

181 564 263 622 'cunt
280 557 561 637 intraquenigrnnr
574 557 800 638 salubremque
818 555 981 620 Arethusae
990 553 1105 620 bibunt
1121 547 1251 640 aquunr'.

186 666 262 740 Quis
283 681 392 726 verum
416 663 497 724 hunc
525 681 592 725 esse
613 663 733 726 Eurnaei
759 663 887 740 sedern,
909 663 1063 744 Corvique
1080 664 1204 728 Petram
1222 673 1253 730 et

186 771 392 834 Arethusam¹
410 767 617 833 infitiabitur?
944 771 954 785 “

226 875 319 949 Inde,
339 891 397 956 per
414 873 557 948 dumeta,
577 873 697 938 semitis
716 876 840 958 asperis
856 881 886 938 et
906 873 1153 956 ungustissimin
1171 878 1252 943 hora

183 979 310 1060 integre
335 998 399 1042 non
429 978 543 1042 sufficit
566 985 601 1042 ut
627 980 668 1043 ud
691 981 855 1063 proximos
883 987 993 1063 portus
1026 979 1249 1062 descendatur;

178 1085 274 1148 noris
297 1086 400 1149 tribus
428 1103 507 1167 opus
530 1091 575 1148 est
599 1091 633 1147 ut
654 1085 694 1149 ad
710 1089 823 1162 Acten,
849 1087 1011 1168 quinque,
1037 1093 1073 1151 ut
1092 1088 1132 1152 ad
1157 1091 1251 1152 Potin

183 1194 363 1258 ¹accedatur.
375 1192 458 1256 Nihil
467 1198 574 1256 tamen
583 1193 694 1268 obstat,
708 1212 917 1275 quaecumque
928 1194 990 1256 sint
999 1193 1147 1258 Voelkerii
1156 1213 1252 1277 argu·

181 1305 319 1376 menta²‚
339 1301 413 1384 quin
433 1302 563 1379 longam
585 1301 671 1364 illurn
684 1307 715 1364 et
730 1301 948 1365 difficillimam
965 1301 1136 1384 aliquando
1152 1302 1247 1378 dam,

183 1408 298 1472 eadem
315 1406 365 1471 die
383 1408 480 1470 semel
498 1414 528 1470 et
547 1408 664 1470 iterum
685 1425 852 1481 emensus,
872 1415 981 1489 pastor
1004 1407 1100 1472 etiam
1124 1408 1250 1472 naricu-

181 1516 248 1576 lum
265 1513 467 1596 praecurrerit
485 1533 492 1577 :
511 1513 633 1576 etiarnsi
646 1513 706 1588 illi,
724 1531 794 1594 quee
805 1513 867 1575 iter
880 1531 977 1576 suum
992 1519 1050 1588 ter,
1063 1518 1099 1576 ut
1113 1511 1246 1588 videtur,

181 1623 328 1697 variavit,
345 1622 376 1685 id
394 1621 562 1702 eontigerit
576 1627 624 1696 ut,
649 1621 771 1701 quoties
790 1626 965 1701 oporteret,
983 1621 1074 1683 toties
1090 1621 1248 1686 variarent

180 1729 280 1792 renti.
299 1729 400 1802 Quam
411 1729 506 1802 lente,
522 1728 610 1792 nullo
627 1733 682 1790 aut
697 1724 828 1789 adverso
843 1725 982 1807 spirante
998 1730 1101 1799 vento,
1121 1727 1247 1809 remigi-

182 1835 308 1917 busque
332 1834 484 1917 impulsa,
511 1835 572 1897 iter
601 1833 693 1898 saciat
717 1831 1039 1915 promontoriumque
1067 1831 1246 1896 circumna-

182 1943 275 2024 viget‚
288 1945 436 2024 ignorare
453 1949 507 2007 aut
525 1943 664 2007 oblivisci
676 1943 851 2006 Voelkerius
866 1943 1000 2006 videtur.
1013 1943 1128 2004 Doctus
1145 1941 1246 2004 inter-

183 2070 273 2134 pres,
296 2052 385 2115 libris
412 2059 443 2114 et
466 2051 581 2114 tubulae
604 2052 759 2125 intentus,
787 2050 951 2113 intervalla
980 2049 1086 2113 metiri
1115 2054 1244 2130 potest:

183 2158 345 2238 quomodo
364 2175 437 2220 vero
453 2157 548 2221 audet
564 2164 750 2238 computare
769 2163 846 2238 quot
860 2157 956 2220 horas
971 2155 1046 2219 rutis
1061 2155 1246 2236 navigatura

182 2261 221 2323 sit
235 2261 337 2326 donec
356 2267 486 2344 portum
503 2259 628 2342 tangat!

222 2369 250 2426 3.
274 2364 375 2446 Hujus
391 2366 424 2428 in
438 2365 507 2448 ripa
523 2365 803 2458 meridiana-sinus
822 2366 876 2448 qui
893 2365 1002 2430 dividit
1015 2364 1168 2440 insulam,
1180 2372 1245 2428 tres

183 2474 304 2548 patent,
327 2469 460 2532 minime
486 2470 569 2533 inter
591 2488 624 2533 se
641 2470 803 2548 distantes,
823 2478 943 2553 portus,
965 2489 1104 2552 quorum
1119 2471 1244 2536 medius
1341 2490 1345 2498 ·

182 2575 293 2637 ceteris
310 2576 441 2650 vastior,
460 2595 548 2640 novae
564 2578 636 2641 urbi
651 2597 771 2641 nornen
787 2579 872 2642 dedit
886 2581 1007 2655 (Βαθύ);
1023 2597 1088 2642 non
1108 2577 1151 2642 ita
1163 2580 1256 2642 lutus·

181 2690 237 2756 est,
258 2682 313 2744 sed
333 2683 441 2759 tutior,
459 2683 553 2765 isqui
569 2685 609 2747 ab
624 2686 686 2748 alto
697 2686 931 2749 remotissimus
948 2691 995 2748 est
1011 2703 1018 2748 ε
1034 2686 1098 2749 huc
1114 2705 1147 2750 se
1164 2686 1245 2749 reci-

181 2788 272 2869 piunt
290 2809 414 2872 magnre
434 2809 529 2854 naves
554 2810 634 2873 quus
659 2793 693 2854 in
718 2791 808 2856 urhis
831 2797 960 2874 portum
983 2793 1101 2855 intrare
1122 2793 1244 2874 procel-

180 2896 284 2961 losum
299 2916 388 2962 mare
404 2917 468 2961 non
485 2898 557 2961 sinit
568 2917 577 2975 ;¹
588 2899 644 2963 ubi
660 2900 800 2962 anchora
813 2899 895 2981 jueta
909 2904 970 2974 est,
987 2899 1055 2980 jem
1069 2917 1128 2960 nec
1140 2916 1241 2976 mare,

180 3023 239 3068 nec
252 3010 362 3068 ventos
374 3011 478 3067 nuutae
488 3012 642 3068 metuunt.
661 3005 750 3078 Quod
767 3005 927 3086 refugium
944 3004 1020 3067 olim
1037 3003 1133 3066 tutius
1146 3004 1242 3068 etiam

179 3112 275 3175 fuisse
301 3111 393 3174 facile
421 3111 627 3187 crediderim,
662 3119 769 3193 utpote
799 3131 908 3176 versus
950 3110 1180 3193 septentriones
1212 3120 1243 3176 et

180 3217 276 3281 altuni
288 3218 401 3286 melius
418 3219 608 3282 defensum:
626 3220 773 3302 scopulus
783 3221 888 3284 enim⁸
899 3238 994 3302 quem
1005 3219 1119 3301 aliquae
1128 3221 1243 3286 tabulae

181 3333 287 3388 nostra
308 3326 544 3408 explicatiores*
565 3326 599 3389 in
620 3327 708 3392 aditu
724 3327 919 3404 describunt,
939 3329 1019 3391 nihil
1042 3328 1128 3392 aliud
1146 3348 1243 3411 quum

180 3433 390 3514 promontorii
406 3433 568 3497 orientalis
585 3443 707 3516 partem
727 3453 794 3499 esse
819 3443 959 3511 constat,
978 3454 997 3498 a
1015 3453 1078 3516 quo
1095 3434 1242 3497 ductibus

180 3557 293 3621 purum
301 3540 468 3622 profundis
479 3541 671 3622 sejungitur3
682 3542 736 3617 ita,
749 3543 937 3624 priusquam
948 3543 1108 3622 sejpnetus
1120 3539 1239 3613 fuisset,

180 3643 286 3718 statio,
305 3647 339 3708 in
357 3646 469 3710 orbern
488 3647 640 3728 figurata,
669 3646 748 3710 adeo
767 3647 874 3710 clausa
892 3651 958 3709 erat
974 3651 1009 3708 ut
1024 3662 1084 3707 nec
1099 3644 1169 3726 ipsa
1185 3662 1241 3706 nn-

180 3750 275 3814 chora
298 3770 378 3833 opus
402 3755 508 3815 esset⁸.
532 3754 593 3816 Sed
618 3752 827 3829 abdiderat,
855 3769 971 3833 parurn
994 3755 1083 3826 note,
1111 3756 1142 3813 et
1166 3749 1240 3825 illuc

220 4007 241 4050 t.
258 4000 326 4059 xul.
339 4004 451 4056 408-410.
466 4030 493 4038 -
507 4008 530 4053 2.
548 4003 601 4052 Lib.
618 4003 671 4063 eit..
684 4019 703 4054 s.
719 4007 758 4054 35.
773 4032 801 4040 -
816 4008 839 4054 3.
851 4003 1006 4054 Katznurbo.
1020 4031 1049 4039 -
1060 4007 1083 4056 4.
1101 3999 1130 4052 V.
1144 4004 1239 4055 Leche-

177 4076 298 4126 vulier.-
312 4081 335 4129 5.
349 4079 396 4128 oct.
406 4081 473 4136 xl11.
487 4084 518 4130 96
527 4093 582 4144 sqq.
