3046 4956
496 1065 656 1146 CAPUT
697 1067 931 1147 TERTIUM.

438 1316 476 1362 Dii
501 1316 575 1364 URBE
602 1317 706 1366 inflict
731 1319 768 1368 ΕΤ
788 1321 886 1368 MONTE
912 1322 991 1370 utto·

224 1529 252 1585 1.
275 1523 309 1586 Si
326 1523 397 1604 quis
411 1524 452 1588 ab
469 1527 542 1588 Aeto
562 1525 756 1591 occidentale
772 1528 884 1592 insulae
899 1528 985 1594 littus
1001 1547 1111 1592 versus
1124 1534 1249 1611 septen·

182 1625 302 1690 triones
323 1629 478 1709 sequitur,
502 1637 574 1712 post
603 1631 682 1696 duas
707 1633 832 1696 circiter
856 1633 953 1696 boras
977 1641 1105 1716 portum
1129 1634 1249 1699 invenit

183 1733 239 1814 qiri
255 1733 295 1796 ab
311 1734 423 1799 incolis
437 1736 620 1802 etiamnunc
638 1742 724 1802 Poto
738 1739 930 1821 appellatum
947 1755 1007 1802 nec
1026 1739 1087 1801 alio
1102 1756 1247 1820 unquam

182 1840 314 1904 nomine
338 1841 493 1905 Homerus
509 1861 586 1908 usus
601 1850 658 1919 est,
677 1845 732 1926 qui
753 1862 879 1926 semper
895 1844 1033 1908 insulam
1054 1845 1118 1906 sive
1139 1862 1248 1923 aarum

183 1950 214 2007 et
229 1947 349 2008 urbem¹
370 1945 463 2022 dixit,
489 1949 584 2013 veluti
608 1952 682 2012 orbs
707 1969 766 2032 pro
794 1951 916 2025 Roma,
943 1950 1016 2012 urbs
1035 1954 1066 2011 et
1090 1955 1159 2010 osto
1189 1962 1247 2030 pro

180 2051 331 2127 Athenis,
359 2071 434 2118 cum
459 2057 586 2120 nullum
608 2057 780 2122 adderetur
803 2056 958 2132 verbum,
984 2054 1095 2119 baberi
1121 2071 1249 2136 quoque

183 2158 313 2222 solebat.
394 2173 396 2180 ·

223 2261 303 2328 lllud
317 2284 437 2331 nomen
452 2267 562 2332 indicii
579 2269 736 2351 proiecto,
756 2268 936 2349 argumenti
952 2286 1027 2332 vero
1042 2285 1248 2349 nequaquam

181 2373 248 2434 rim
263 2376 525 2440 etauctoritatem
541 2378 575 2440 in
592 2395 626 2442 se
639 2377 747 2453 habet,
765 2381 882 2460 quippe
896 2376 1021 2458 saepius,
1034 2383 1105 2458 post
1117 2377 1249 2458 longum

182 2499 341 2546 annorum
359 2483 492 2559 seriem,
511 2485 588 2550 locis
605 2484 788 2566 antiquiora
806 2485 939 2548 uomina
958 2482 1062 2546 reddit
1076 2481 1161 2564 vulgi
1178 2482 1249 2565 opi·

181 2589 248 2664 nio,
265 2608 337 2672 quae
348 2590 421 2671 ¹iure
438 2591 648 2656 restituuntur
663 2590 853 2672 aliquando,
870 2607 1104 2672 nonuunquam
1122 2607 1250 2673 quoque

182 2693 342 2758 immerito
359 2701 625 2760 transmoventur.
1067 2704 1078 2720 ”

223 2801 304 2864 Cum
318 2817 393 2864 vero
416 2801 604 2865 occidentali
625 2801 660 2864 in
679 2807 770 2882 parte
787 2818 854 2866 non
875 2800 971 2864 aliam
998 2819 1095 2882 quam
1112 2803 1254 2863 detonet

183 2907 275 2968 Potio
291 2907 340 2970 vel
356 2907 508 2972 naviculis
523 2907 692 2972 stationem
713 2906 824 2970 offerat
845 2905 960 2980 insula,
980 2906 1070 2986 cujus
1086 2903 1251 2968 ceterelit-

183 3018 254 3076 tora
279 3012 400 3077 ratibus
428 3013 548 3093 ubique
574 3019 700 3094 patent,
729 3011 845 3074 barum
872 3011 1057 3074 alteurtram
1079 3026 1139 3090 pro
1161 3006 1251 3070 urbis

183 3119 297 3184 Ithacae
314 3128 410 3202 portu
431 3120 544 3184 haberi
560 3138 688 3184 necesse
704 3127 770 3184 est:
789 3137 886 3184 nemo
904 3118 991 3182 enim
1007 3123 1054 3181 est
1071 3116 1125 3200 qui
1136 3116 1251 3180 urbem
1277 3196 1278 3204 ἵ

185 3226 397 3308 Cephallenia
412 3247 479 3292 non
496 3226 663 3292 obversam
681 3228 779 3292 fuisse
802 3226 919 3291 credat.
941 3225 981 3288 dt
1000 3223 1252 3288 detestationem

184 3333 346 3414 exiguam,
361 3333 555 3411 malefidam,
564 3334 782 3418 jaciendisque
793 3333 952 3408 anchoris,
961 3334 1041 3396 Noto
1049 3330 1254 3414 autZephyro

185 3439 334 3521 spirante,
355 3439 407 3504 vix
424 3439 574 3504 idoneam
589 3459 657 3504 esse
675 3441 792 3506 scimus
809 3458 816 3503 :
839 3442 923 3502 Pota
940 3446 1051 3504 contra
1064 3446 1193 3520 portum
1206 3435 1254 3498 vei

185 3545 317 3608 navibus
338 3546 413 3609 satis
430 3552 534 3609 tutmn
552 3547 653 3624 offert,
675 3555 706 3611 et
727 3546 817 3611 valde
839 3545 1045 3627 profundum,
1063 3541 1251 3615 πολυὸενθέα·,

185 3669 281 3732 quem
298 3651 542 3734 profundiorem
560 3653 657 3716 etiam
674 3653 771 3716 tuisse
788 3651 945 3733 conjicere
961 3665 1146 3732 possumus,
1164 3652 1253 3709 aute-

185 3774 282 3837 quam
299 3755 394 3820 vineti
410 3757 601 3821 continentis
613 3758 710 3822 limus
723 3765 754 3821 et
764 3757 877 3821 littoris
890 3773 995 3819 arenae
1007 3753 1112 3835 ipsum
1122 3752 1156 3815 in
1165 3769 1255 3814 mare

184 3864 342 3928 imbribus
360 3864 478 3929 fuerint
494 3864 675 3947 deportatae.

220 4029 240 4070 t.
253 4028 342 4084 Δῆμος,
353 4024 433 4090 ἀγροί,
444 4027 523 4082 πόλις.
533 4026 606 4082 ἄστυ,
620 4038 686 4089 pass.
701 4025 827 4089 ἐπ’ἀγροῦ,
835 4024 1012 4084 νόσφιπὸληος,
1023 4025 1050 4081 d,
1066 4027 1118 4081 185,
1129 4025 1190 4076 XVI,
1200 4027 1255 4080 stit,

187 4097 272 4154 XXIV,
284 4101 348 4159 tlt),
358 4100 382 4155 ἐξ
394 4102 480 4163 ἀγροῖο
492 4101 591 4150 πόλινδε
604 4102 685 4161 (xvir,
704 4100 800 4161 tatt-
811 4105 833 4148 2.
848 4101 912 4156 XVI,
930 4105 984 4150 bit.
