3046 4956
548 1095 840 1173 concnuslo.

200 1487 370 1552 infirmatis
387 1487 532 1552 Voelkerii
554 1489 705 1565 omnino,
731 1491 820 1556 Gellii
844 1509 973 1574 quoque
991 1494 1109 1576 partim
1130 1514 1227 1578 argu-

160 1595 288 1669 mentis,
307 1593 444 1658 admissa
460 1612 546 1670 vero,
568 1595 623 1658 sed
641 1595 795 1660 illustrata
811 1603 842 1660 et
858 1598 1011 1678 explicate
1025 1600 1133 1663 Leekii
1149 1620 1226 1666 con·

156 1699 291 1780 jectum,
308 1717 401 1782 spero
414 1717 467 1762 me
484 1699 596 1763 ith'acre
610 1700 721 1764 insulae
732 1717 827 1763 suurn
843 1701 877 1763 in
895 1702 988 1778 mari,
1006 1721 1101 1766 suum
1117 1705 1227 1769 itidem

137 1885 141 1891 Ι
159 1806 193 1868 in
208 1806 312 1869 insule
327 1805 435 1869 locum
447 1805 582 1886 Ulyssem
598 1805 681 1880 urbi,
695 1805 862 1888 portubus,
878 1807 984 1872 Nerito
1000 1815 1031 1872 et
1042 1809 1119 1874 Neio
1136 1827 1228 1874 mon-

159 1912 262 1988 tibus,
282 1893 503 1994 Nympharum
519 1911 694 1993 speluncae,
717 1911 901 1994 Eumaeique
921 1915 1059 1992 stationi,
1077 1917 1226 1980 omnibus

160 2019 277 2084 sedicet
287 2019 364 2082 iocis
376 2019 416 2082 ab
429 2019 567 2084 Homero
580 2038 647 2082 non
659 2018 755 2082 modo
767 2021 963 2096 memoratis,
980 2021 1035 2086 sed
1047 2022 1224 2105 descriptis,

161 2125 341 2190 restituisse.

210 2232 291 2309 Nec,
322 2239 357 2298 ut
387 2231 578 2296 hodiernam
607 2231 720 2295 insulae
746 2231 963 2296 conditionem
996 2251 1071 2297 omn
1098 2235 1228 2299 Homeri

161 2337 388 2421 descriptione,
413 2338 461 2402 vei
487 2337 521 2400 in
550 2337 693 2402 minimis
719 2338 907 2420 aliquando,
934 2340 1130 2417 conferrem,
1158 2342 1227 2404 aliis

160 2444 237 2507 mihi
257 2444 382 2508 indiciis
402 2463 483 2527 opus
503 2438 562 2508 fuit
579 2463 677 2526 quam
692 2445 760 2528 ipsa
779 2447 925 2509 iocorum
943 2446 1047 2528 figura
1063 2446 1226 2529 ipsiusque

159 2552 289 2616 Homeri
305 2553 410 2617 verbis
433 2571 440 2618 :
464 2559 550 2616 tantu
566 2553 669 2618 inerat
689 2553 820 2636 imagini
841 2573 860 2616 a
882 2560 973 2636 poeta
994 2573 1151 2636 expressae
1172 2574 1225 2619 ve-

158 2657 234 2722 ritas
246 2659 252 2722 !

198 2766 254 2830 Hic
270 2785 345 2831 vero
361 2785 428 2830 non
445 2766 556 2830 eadem
573 2784 591 2829 a
608 2766 800 2848 geographis
817 2767 985 2847 descriptio
1009 2767 1224 2848 reprehende·

158 2879 211 2935 'ur
231 2891 302 2955 qum
323 2873 424 2955 poetis
441 2879 472 2937 et
487 2871 658 2952 pictoribus
676 2871 838 2952 placuerit.
860 2873 1152 2949 Verumenirnvem,
1169 2874 1224 2938 uhi

158 2979 219 3043 loci
236 2997 270 3043 se
285 2997 352 3042 non
365 2979 474 3061 quales
488 2996 522 3041 se
537 2978 666 3055 habent,
688 2977 763 3042 talos
777 2995 810 3040 se
827 2977 970 3059 praehent
984 2978 1093 3053 oculis,
1109 2981 1225 3044 Home·

158 3103 214 3149 rus
238 3084 270 3149 id
295 3085 400 3168 potius
424 3103 520 3167 quam
541 3084 664 3148 videtur
689 3103 787 3166 quem
807 3084 840 3147 id
866 3083 952 3166 quod
978 3090 1041 3160 ost,
1066 3085 1224 3166 pictorum

158 3210 267 3268 more,
293 3191 479 3268 adumbrat;
510 3191 642 3272 ejusque
666 3189 738 3254 ideo
765 3191 997 3274 Geographiam
1023 3191 1110 3256 haud
1135 3211 1226 3260 secus

157 3305 253 3380 atque
271 3297 555 3379 Cosmographiam
573 3301 751 3379 suspectam
770 3315 838 3362 esse
854 3299 1008 3376 vidimus,
1026 3299 1100 3381 quia
1117 3302 1225 3366 oculos

157 3405 329 3488 aliquando
354 3405 433 3469 fallit
452 3405 513 3469 loci
536 3404 690 3486 cujusque
714 3423 788 3468 vera
814 3405 937 3487 ligure,
960 3406 1080 3470 nedum
1104 3407 1223 3488 percipi

158 3513 255 3594 possit
278 3531 342 3604 qup
367 3511 464 3575 modo
488 3512 571 3573 inter
596 3528 629 3574 se
653 3511 833 3599 coiraereant
852 3513 914 3575 loci
939 3512 1082 3592 quinon
1109 3510 1222 3575 eodem

158 3626 287 3703 aspectu
309 3618 638 3701 comprehenduntur.
660 3618 740 3681 Cum
756 3635 832 3680 vero
856 3617 894 3680 de
918 3616 1053 3698 simplici
1075 3622 1104 3679 et
1126 3635 1223 3698 parva

158 3727 299 3810 regione,
312 3733 347 3790 ut
359 3726 464 3790 ithaca
480 3733 558 3802 erat,
574 3733 733 3807 ageretur,
750 3741 851 3788 unum
863 3730 893 3786 et
908 3722 994 3786 idem
1008 3723 1043 3786 fit
1059 3723 1179 3806 speeies
1194 3733 1223 3787 ct

158 3835 291 3912 verites3
316 3841 351 3896 ut
366 3840 440 3897 sunt
455 3833 532 3910 ioci,
554 3833 596 3897 ita
614 3832 777 3907 videntum
796 3848 856 3893 nec
872 3829 980 3894 minus
997 3830 1077 3893 valet
1093 3830 1222 3912 pictoris

159 3960 256 4022 quem
278 3941 453 4024 geographi
480 3939 707 4005 testimonium.
735 3936 901 4001 Neminem
929 3954 1003 4000 vero
1027 3936 1140 4000 melius
1163 3937 1223 3999 Ho-

159 4065 248 4112 mero
262 4049 364 4123 locos‚
384 4048 493 4130 qrraics
510 4066 564 4112 cos
582 4047 671 4123 vidit,
692 4065 767 4126 crgo
787 4045 895 4127 qrrales
915 4061 1042 4128 semper
1057 4044 1219 4118 videntur,

1042 4155 1062 4214 i
