3046 4956
730 433 776 444 ..
803 394 826 464 4
851 434 899 446 ...

277 537 419 602 tidelicet
433 545 464 602 et
478 538 627 614 Ithacam,
643 537 849 603 interioribus
863 557 938 604 vcro
954 541 987 604 in
1000 543 1092 606 terris
1101 544 1222 628 aliquot
1234 546 1343 623 urbes,

277 653 332 708 aut
349 645 507 710 littoribus
525 645 711 727 propiores,
736 649 790 708 aut
812 645 942 727 opibuS‚
961 649 1155 714 commercio
1179 651 1227 714 vel
1243 653 1342 718 armis

276 752 574 836 praestantissimas?
586 752 666 826 Quid
683 770 760 833 ergo
775 770 814 814 ex
830 754 968 818 Homero
984 758 1180 838 requirimus
1197 765 1231 822 ut
1247 760 1342 824 nobis

275 867 382 941 aperte
398 859 515 923 indicet
532 858 693 940 quomodo
711 859 907 922 Thessaliam
924 879 979 924 sex
999 880 1091 944 reges
1109 864 1193 928 inter
1209 883 1242 927 se
1260 865 1340 931 divi-
1442 861 1447 868 ’

274 965 385 1040 serint,
398 972 452 1027 aut
470 983 533 1046 qua
549 983 588 1027 ex
605 966 679 1046 Pylo
698 966 847 1046 Spartam
863 983 977 1029 currus
991 967 1038 1030 ire
1054 971 1234 1050 potuerit¹i
1332 1015 1334 1021 ,

313 1077 343 1134 l.
359 1071 497 1152 Longius
513 1069 613 1134 tendit
627 1071 816 1152 Spobnius¹,
836 1073 890 1153 qui
902 1074 988 1138 locos
997 1074 1038 1138 ab
1048 1075 1186 1142 Homero
1195 1077 1337 1162 descrip-

272 1182 319 1241 tos
337 1195 503 1258 nunquam
521 1177 595 1242 satis
610 1177 693 1240 bene
710 1178 896 1259 recognosci
906 1196 999 1261 posse
1009 1180 1192 1260 arbitratur,
1204 1184 1265 1248 nisi
1274 1187 1340 1250 via·

267 1289 353 1346 tores
369 1283 432 1346 alia
446 1283 686 1366 Homericisque
709 1283 977 1366 descriptionibus
1002 1289 1137 1352 certiora
1155 1292 1336 1357 testimonia

268 1389 511 1472 praeseferant.
529 1389 610 1453 Cum
625 1390 665 1454 de
688 1409 767 1472 agro
791 1391 927 1472 Trojano
946 1394 1035 1457 toties
1052 1401 1083 1458 et
1103 1397 1171 1460 sine
1190 1398 1256 1462 fine
1272 1399 1335 1464 dis·

269 1498 374 1578 putari
388 1498 522 1561 moleste
539 1497 646 1572 ferret,
662 1516 729 1561 non
742 1497 895 1562 dubitavit
913 1517 1055 1566 asserere
1070 1521 1183 1567 omnes
1199 1524 1253 1570 eas
1269 1505 1334 1570 dis-

265 1602 445 1684 putationes
460 1621 557 1666 vanas
573 1609 605 1666 et
619 1603 743 1684 ineptas
753 1621 881 1686 semper
897 1603 975 1680 fore,
993 1607 1146 1686 quoniam
1163 1608 1202 1675 de
1216 1610 1333 1674 Priami

264 1709 344 1772 urbe
364 1715 394 1772 et
413 1709 545 1790 regione
562 1728 678 1793 parurn
691 1709 806 1785 lucida,
823 1728 939 1792 parum
955 1711 1038 1775 inter
1057 1731 1090 1778 se
1119 1722 1333 1781 consentanca

264 1819 370 1876 essent
399 1829 608 1893 quaecumque
641 1812 675 1876 in
705 1812 775 1892 ipsa
804 1811 901 1876 Hiade
930 1811 1148 1877 inveniuntur.
1181 1815 1271 1890 Quod
1298 1824 1333 1880 ut

263 1919 499 2000 comprobaret,
522 1936 635 1982 omnes
651 1935 761 1983 versus
778 1916 1018 1998 diligentissime
1038 1919 1188 1999 produxit
1205 1923 1260 2003 qui
1277 1931 1331 1986 aut

263 2027 473 2101 obscuriores,
491 2031 546 2088 aut
559 2025 618 2090 sibi
634 2023 770 2085 invicem
788 2028 1003 2104 repugnantes
1016 2023 1215 2103 viderentur;
1232 2047 1330 2094 cunc-

260 2133 364 2214 tisque
375 2134 424 2196 bis
440 2131 637 2214 argumentis
653 2128 852 2194 confirmarit
868 2147 933 2192 non
950 2128 1046 2193 modo
1063 2131 1265 2198 aviatoribus
1278 2140 1330 2198 te-

262 2259 362 2316 mere,
374 2240 429 2304 sed
443 2241 483 2303 ab
493 2240 632 2303 Homero
646 2255 714 2302 non
722 2236 917 2303 sufficienter
930 2238 1104 2321 descriptos
1117 2257 1186 2304 csse
1198 2250 1329 2326 campos

261 2347 318 2410 ubi
334 2347 429 2428 Troja
444 2347 515 2410 iuil.

299 2455 402 2518 Nimia
430 2473 505 2518 vero
538 2469 613 2516 curn
643 2450 845 2526 intolerantia
876 2452 1053 2534 peccavisse
1081 2453 1153 2534 quis
1183 2453 1326 2520 dubitati

260 2561 390 2625 Etiamsi
406 2561 493 2624 enim
510 2561 603 2642 plura
620 2559 779 2621 Homerus
794 2557 961 2632 omisisset,
981 2564 1036 2621 aul
1052 2559 1091 2622 de
1108 2561 1327 2642 parvis-rebus

259 2660 351 2747 plura
371 2666 454 2728 inter
473 2683 507 2728 se
532 2662 742 2745 discrepantia
764 2662 861 2743 longo
886 2662 976 2746 operi
1008 2662 1224 2745 obrepsissent
1249 2665 1324 2740 (sive

227 2814 240 2839 .
260 2771 334 2853 quia
350 2777 453 2854 poeta,
473 2775 508 2833 ut
523 2769 566 2832 ait
578 2767 737 2845 Horatius,
752 2766 943 2843 dormitavit,
961 2767 1024 2830 sive
1042 2769 1116 2850 quia
1131 2769 1200 2850 ejus
1213 2769 1323 2844 verba,
1357 2800 1362 2808 ·

260 2877 343 2942 male
361 2877 500 2952 recitata,
517 2875 631 2938 malea
645 2873 861 2958 grammaticis
882 2874 1035 2949 restituta,
1053 2875 1093 2938 ad
1110 2893 1169 2938 nos
1184 2892 1250 2938 non
1272 2875 1338 2952 ins

259 2991 407 3067 corrupta
421 2989 663 3066 pervenerunt),
688 2981 826 3064 plurima
843 2982 952 3046 suntin
968 2981 1027 3044 bac
1044 2981 1171 3063 Trojani
1188 2980 1256 3062 agri
1271 2981 1324 3044 de·

258 3092 428 3175 scriptione
443 3107 513 3172 quae
525 3091 551 3152 si
563 3089 634 3171 quis
650 3107 823 3170 agnoscere
835 3088 1038 3165 recusaverit,
1055 3089 1163 3152 oculos
1179 3087 1323 3151 consulto

256 3197 404 3261 clausisse
418 3195 531 3258 merito
547 3192 792 3256 existimabitur.

295 3301 427 3385 Spobnii
441 3300 706 3384 reprehensiones
723 3306 754 3360 et
776 3299 985 3362 acrimoniam
1009 3317 1156 3362 meruere
1173 3299 1319 3380 quicum-

256 3427 335 3493 que,
352 3408 466 3472 ardore
482 3405 693 3470 immoderato
711 3405 801 3480 elati,
827 3404 935 3466 omnio
956 3421 990 3466 se
1004 3404 1159 3485 reperisse
1176 3405 1318 3486 glorian-

257 3526 318 3596 tur,
336 3501 396 3581 nec
409 3517 533 3590 timent,
549 3513 680 3576 nornine
690 3512 859 3576 Homerico
871 3511 1022 3574 omnibus
1035 3512 1177 3588 tumulis,
1190 3512 1256 3576 imo
1269 3513 1318 3596 ip-

256 3629 299 3693 sis
312 3624 482 3708 cespitibus
498 3620 668 3702 adscripto,
684 3618 826 3682 Hectoris
843 3619 965 3681 cineres
979 3618 1012 3680 in
1022 3636 1095 3680 arce
1105 3619 1240 3702 Trojana
1251 3639 1316 3684 non

254 3739 454 3814 secusatque
466 3728 593 3793 Achillis
606 3726 767 3788 tumulum
779 3725 813 3787 in
829 3724 940 3787 castris
952 3723 1145 3788 Achivorum
1159 3727 1314 3803 venerari,

287 3999 308 4042 l.
321 3990 358 4041 Cf.
371 3995 510 4040 Excursuro
523 3993 551 4039 Δ.

285 4069 308 4116 2.
320 4067 355 4114 De
367 4077 429 4128 apro
443 4065 553 4126 Troiano
562 4064 591 4112 ia
602 4061 760 4114 carminibus
773 4059 910 4110 Homericis
922 4057 1168 4124 descripto,1.ipsiae‚
1182 4061 1251 4118 tart.
1261 4063 1298 4110 8⁰.
