3046 4956
682 403 875 473 „54-

250 566 316 612 non
325 547 393 630 jam
409 548 609 623 immineant,
625 545 767 628 urbsque
782 553 902 622 contra,
922 546 1033 610 ceteris
1049 548 1239 630 expertibus
1256 549 1311 614 ad·

248 673 358 720 versus
374 655 513 720 bostium
531 654 762 738 aggressiones,
779 672 846 718 non
858 654 1106 736 propugnaculis
1122 655 1237 732 modo,
1256 658 1310 720 sed

250 763 320 844 ipsa
335 769 449 828 natura
475 763 549 828 satis
571 762 711 837 munita,
730 761 789 837 ibi,
807 780 908 844 prope
925 759 1132 842 (inpudicum,
1154 763 1313 828 moenibus

250 869 473 935 tantummodo
491 869 566 945 suis,
582 869 705 934 excelsa
722 872 809 932 turre
831 875 861 930 ct
878 867 1018 932 Hectoris
1035 868 1148 932 virtute
1166 867 1314 933 defenda·
1368 944 1378 960 ι

251 978 329 1039 tur'.
341 974 422 1048 Quid
435 994 509 1040 vero
523 975 626 1040 obstat
639 974 718 1057 quin
732 993 769 1038 ea
783 974 861 1039 urbs
871 973 967 1038 simul
978 974 1077 1038 ventis
1091 975 1218 1056 agitata,
1230 976 1313 1040 edito

252 1081 393 1156 meliro,
412 1083 486 1146 alibi
505 1090 609 1146 tamen
628 1083 662 1145 in
679 1080 808 1164 planitie
821 1081 949 1146 condita
961 1080 1116 1144 dicatum?

292 1189 394 1270 Prope
415 1187 504 1252 urbis
529 1194 665 1270 portam,
693 1185 756 1252 duo
781 1186 957 1250 scaturiunt
978 1185 1109 1282 fontqs³,
1134 1185 1220 1251 unde
1241 1189 1315 1252 satis

253 1291 380 1360 abunde
405 1310 496 1375 aquae
512 1293 615 1358 fluunt
641 1303 677 1357 ut
692 1293 805 1358 fluvius
823 1293 1055 1368 commundat,
1075 1299 1106 1357 et
1121 1293 1147 1356 is
1168 1294 1314 1376 insignis,

254 1402 368 1476 sanent,
393 1401 462 1482 ipso
483 1401 557 1464 love
578 1401 692 1464 ortusl.
713 1399 776 1464 Nec
803 1399 883 1463 alius
908 1405 965 1474 est,
992 1399 1131 1464 Homero
1153 1405 1245 1477 teste,
1267 1402 1316 1465 vel

254 1507 367 1572 fluvius
383 1508 432 1573 vel
444 1508 544 1583 collis,
557 1508 611 1590 qui
623 1522 698 1571 cum
709 1525 746 1572 eo
762 1507 801 1571 de
811 1506 979 1589 praecipuis
992 1506 1168 1571 honoribus
1180 1507 1214 1571 in
1228 1509 1316 1572 omni

254 1616 386 1698 regione
395 1616 575 1682 contendat.
589 1614 719 1690 Quodsi
734 1615 821 1678 enim
838 1613 878 1677 ad
891 1613 1110 1696 antiquiorum
1123 1614 1316 1697 populorum

254 1741 361 1788 mores
370 1723 559 1807 respexeris,
577 1722 668 1787 facile
684 1722 717 1786 id
733 1721 882 1804 conjicies
897 1721 932 1783 lli
949 1720 1134 1796 Dardanios,
1155 1739 1241 1797 cum,
1258 1721 1315 1786 de·

254 1828 345 1892 sertis
365 1829 524 1894 montium
545 1827 695 1910 pascuis⁶‚
720 1827 760 1891 ad
780 1845 895 1909 agrum
916 1826 1102 1892 fertiliorem
1125 1821 1317 1910 portumque

254 1937 448 2002 commercio
465 1934 567 2017 magis
583 1932 735 1997 idoneum
753 1930 992 2005 descenderent,
1004 1930 1090 1996 hunc
1106 1932 1167 1996 sibi
1184 1933 1316 2014 elegisse

255 2044 351 2107 situm
375 2045 445 2127 qui,
464 2061 530 2106 non
549 2043 661 2125 procul
681 2043 809 2118 amari,
828 2060 917 2104 novae
942 2041 1074 2130 coloniae
1092 2041 1187 2105 simul
1210 2059 1318 2106 arcem

254 2146 445 2209 tutissimam
457 2147 640 2228 fontemque
656 2147 873 2229 largissimum
886 2147 1054 2222 obtulerat,
1071 2147 1218 2229 Pergami
1236 2147 1319 2211 scili·

257 2258 305 2315 cet
330 2257 491 2334 praerupta
515 2269 602 2329 saxa,
625 2252 875 2336 Scamandrique
900 2259 970 2316 tum
993 2252 1109 2316 calidas
1134 2259 1165 2316 ct
1190 2252 1320 2335 frigidas

256 2355 389 2442 aquas⁷,'
408 2366 476 2424 lum
499 2363 585 2442 ripas
611 2363 778 2436 amoenasl,
795 2360 939 2437 floribus,
962 2361 1089 2426 herbis⁹
1105 2368 1136 2425 et
1152 2361 1319 2426 arboribus

256 2469 429 2531 virentes¹⁰.

297 2577 421 2640 Scimus
439 2576 533 2639 etiam
550 2576 640 2640 illum
658 2576 807 2652 fluvium,
824 2595 881 2658 per
905 2594 937 2639 se
958 2575 1212 2650 nobilissimum,
1230 2581 1319 2639 ante·

259 2697 356 2762 quam
377 2680 411 2744 in
427 2697 517 2743 mare
533 2681 673 2746 vicinum
689 2682 777 2759 fluat,
800 2699 971 2748 arenosum
994 2680 1028 2743 in
1050 2680 1175 2744 alveum
1190 2680 1320 2746 alterius

259 2786 345 2850 fluvii
359 2785 461 2851 undas
477 2786 676 2864 admitterefl,
693 2789 758 2872 qui,
775 2788 919 2872 quamvis
935 2788 975 2851 ab
993 2788 1061 2870 ipso
1078 2793 1187 2850 monte
1206 2785 1320 2850 decur-

258 2903 308 2960 rat
322 2894 519 2978 longiusque
529 2897 697 2978 perfecerit
716 2897 776 2961 iter
787 2947 794 2973 ‚
807 2897 937 2960 omnem
951 2901 1059 2958 tamen
1073 2893 1255 2976 superbiam
1264 2892 1320 2958 ab·

256 2991 334 3081 picit,
353 3017 512 3082 suumque
526 2997 585 3064 sibi
602 3020 719 3066 nomen
738 3003 818 3086 eripi
832 3020 896 3064 non
918 3000 1110 3082 indignatur.
1131 2999 1219 3062 Unde
1241 3000 1321 3062 veri—

261 3106 363 3170 simile
381 3113 427 3169 est
444 3106 651 3184 Simoentem,
674 3110 899 3173 terribiliorem
916 3105 1115 3189 aliquando¹²
1135 3109 1221 3180 (curu
1239 3123 1319 3188 prae-

260 3213 370 3275 sertim
387 3232 443 3278 seu
461 3215 592 3293 Gargani
609 3216 748 3287 nivibus,
767 3233 823 3278 scu
844 3213 1001 3276 imbribus
1018 3213 1200 3294 procellosis
1216 3229 1321 3276 accre-

261 3317 326 3392 vif),
337 3320 475 3384 rariores
483 3321 786 3400 tamenplerumque
797 3319 1072 3400 minusquepuras
1082 3318 1185 3383 undas
1194 3319 1328 3382 miscere

264 3442 338 3488 cum
362 3424 456 3490 undis
479 3424 565 3487 fluvii
597 3423 769 3504 indigenae,
792 3426 846 3507 qui
867 3425 970 3506 major
994 3424 1111 3489 idcirco
1135 3427 1329 3509 faustiorque

264 3530 348 3596 [leus
364 3531 403 3595 ab
420 3529 559 3596 incolis¹³
574 3547 641 3593 non
653 3528 813 3594 immerito
827 3531 997 3594 habeturst.

296 3760 378 3816 1.ll.,
395 3761 438 3816 Vl.
454 3761 500 3809 433
512 3762 538 3808 et
553 3757 662 3807 alias-
673 3760 695 3806 t.
709 3755 817 3820 Spohn..
830 3772 854 3820 p.
872 3761 950 3807 tt-
965 3762 988 3808 3.
1005 3758 1048 3815 ll..
1069 3761 1142 3817 XXll,
1163 3760 1219 3816 144,
1233 3771 1286 3821 sqqv
1298 3783 1326 3792 —

264 3839 287 3887 l.
302 3838 370 3893 XXI.
383 3839 437 3886 ³80.
448 3837 508 3886 -5.
522 3835 584 3891 xlv,
600 3839 643 3885 tal
657 3839 682 3882 et
692 3846 757 3896 pass.
769 3859 800 3869 —-
817 3836 840 3883 o.
855 3836 910 3889 XX,
926 3835 979 3884 216.
989 3859 1019 3870 —
1031 3838 1054 3884 l.
1070 3837 1146 3892 XXll,
1167 3836 1210 3885 146
1221 3847 1276 3896 sqq.
1293 3858 1324 3869 -

264 3911 1049 3969 &xxiiia-9.lllot3XX1,3so,dot.—lo.xxl,1s.
1066 3913 1121 3959 350.
1136 3937 1162 3944 -
1178 3911 1213 3958 ll.
1227 3910 1254 3964 V,
1268 3910 1326 3962 ilbi

264 3991 324 4044 XXI,
337 3992 390 4045 308,
404 3993 459 4051 s‘qq.
469 4013 499 4024 -
510 3989 544 4037 tt.
562 3986 597 4035 Cf.
610 3989 670 4044 XXI,
684 3989 735 4041 305.
748 3999 836 4047 sqq.-
847 3988 881 4036 lt.
897 3989 961 4042 XXI,
985 3988 1036 4036 ltl.
1048 4013 1074 4020 -
1086 3987 1121 4035 ll,
1138 3985 1173 4032 Cf.
1196 3981 1326 4038 choiseul,

266 4076 287 4112 c.
306 4065 366 4111 XIV.
