3046 4956
556 367 754 434 *tc—-

159 513 224 576 tloc
243 511 396 576 nnumin
417 498 579 575 certamen
601 510 715 576 adduci
734 512 822 576 nullo
843 511 1061 594 modopotuit
1082 529 1179 594 quam

119 617 190 682 oali
208 625 332 702 partem
351 618 406 692 ἠώς
428 618 583 682 indicaret
600 633 607 680 :
627 617 694 682 sine
718 617 783 680 ulla
805 618 927 681 ratione
948 625 1003 683 aut
1025 617 1178 692 doctrina,

119 725 203 789 banc
229 725 431 808 potissimum
452 724 536 788 oculi
558 740 676 787 novere
699 724 867 806 regionem
886 725 943 788 ubi
964 743 1082 789 aurora
1105 725 1181 789 illu-

120 831 229 896 cescit¹
252 832 363 914 solque
386 831 462 896 oriri
481 830 605 896 videtur
613 831 634 906 ¹,
657 837 813 912 punctum
838 831 1051 896 certissimum
1068 832 1182 895 facilli-

120 954 275 1018 mmnque
297 942 386 1010 notu,
410 937 468 1000 etsi
490 952 564 1000 cum
590 936 755 999 mensibus
779 937 849 1000 loco
874 937 995 1000 moveri
1016 939 1105 1002 solet⁶
1129 939 1179 1002 Sol

120 1051 250 1107 exortus
262 1043 381 1107 sensim
393 1044 494 1126 surgit
509 1043 549 1107 ad
565 1043 635 1106 ooeli
649 1044 801 1108 verticem
810 1044 831 1118 ⁸,
850 1043 968 1106 sensim
982 1044 1057 1108 inde
1071 1044 1111 1108 ad
1127 1063 1182 1109 oc-

119 1167 230 1213 casum
258 1149 374 1232 vergit*
399 1170 406 1214 :
430 1169 490 1213 nec
518 1156 627 1213 tamen
649 1151 769 1214 coelum
787 1168 823 1214 ac
849 1157 950 1214 terras
975 1168 1064 1232 aeque
1087 1151 1184 1214 radiis

119 1253 279 1317 illustrare
294 1253 428 1332 desinit;
450 1254 576 1336 ignibus
596 1262 708 1319 contra
724 1255 913 1319 clarioribus
929 1257 1072 1338 effulget,
1091 1261 1183 1319 natu·
1212 1265 1214 1270 '

118 1379 257 1442 rumque
272 1377 414 1436 omnem,
428 1361 517 1444 prius
534 1380 631 1443 quam
646 1362 744 1425 oculis
755 1363 872 1426 nostris
884 1380 917 1426 se
929 1362 1095 1438 subducat,
1108 1379 1184 1444 pur-

119 1467 231 1548 pureis
255 1468 415 1531 coloribus
438 1469 537 1543 vestit,
560 1468 697 1550 ideoque
720 1488 795 1532 cum
815 1487 874 1533 nec
894 1470 1100 1542 decmbere,
1124 1488 1184 1533 nec

119 1572 281 1654 exstingui
293 1575 416 1654 vulgari
430 1593 488 1638 suo
504 1592 652 1637 sermone
669 1575 766 1638 etiam
779 1575 874 1639 hodie
886 1576 983 1638 Graeci
997 1575 1115 1652 dicunt,
1129 1576 1184 1640 sed

117 1681 263 1758 ννρππνυΙ
279 1697 286 1743 :
304 1680 390 1761 quod
401 1680 535 1744 verbum
547 1681 664 1762 linguae
673 1681 849 1744 Homericae
863 1687 934 1762 apte
949 1663 1105 1746 convenit.
1119 1683 1185 1746 Sibi

119 1804 196 1849 vero
214 1787 321 1850 minus
336 1788 525 1851 constitisset
540 1794 632 1871 poeta
648 1787 675 1850 si
693 1787 837 1850 tenebras
852 1805 916 1850 uuo
929 1793 959 1850 et
975 1788 1088 1851 eodem
1105 1805 1189 1851 sem-

116 1911 178 1974 per
204 1893 313 1968 verbo,
340 1896 417 1976 ζόφον
438 1895 575 1974 ἠερόεντα,
604 1912 676 1957 eam
704 1911 768 1976 prae
792 1893 943 1957 omnibus
967 1895 1036 1957 coeli
1061 1901 1184 1977 partem

120 1999 292 2063 vocavisset
308 1999 362 2062 ubi
376 2017 518 2081 purpura
530 2001 621 2083 quasi
635 2006 667 2064 et
677 2018 756 2064 auro
768 2001 921 2064 nitentem
936 2019 1072 2082 regnare
1086 2003 1185 2065 solem

120 2103 210 2168 vidil·.

165 2211 223 2274 Ubi
238 2213 283 2275 sol
297 2213 422 2293 vergii⁸‚
440 2213 485 2276 ibi
504 2215 697 2295 vesperam⁷‚
722 2213 768 2276 ibi
785 2214 853 2296 jam
872 2219 1000 2277 noctem
1021 2214 1183 2295 ingruere,

120 2317 198 2382 inde
219 2319 340 2400 spirare
358 2319 558 2402 Zephyrum⁸
575 2320 642 2401 qui,
660 2337 735 2386 cum
751 2320 791 2383 ab
813 2337 927 2385 occasu
943 2321 1056 2402 spiret,
1079 2339 1102 2383 a·
1116 2321 1186 2404 ζόφῳ

121 2441 243 2487 nornen
260 2424 384 2488 duxisse
402 2432 519 2508 potest,
537 2427 728 2508 posteriores
739 2426 916 2509 geographi
935 2426 1105 2490 docebunt.
1126 2427 1188 2490 Eos

122 2548 310 2614 verensque
324 2532 364 2596 ad
381 2533 462 2598 fines
477 2533 556 2597 lucis
570 2534 745 2616 regionem,
766 2533 842 2598 solis
854 2547 993 2614 regnum
1007 2537 1115 2614 patere
1126 2531 1187 2594 llo·

157 2754 179 2802 i.
197 2751 314 2800 Φαίνεται
324 2749 378 2814 (tl,
390 2753 473 2811 XXIV,
487 2755 541 2810 itt,
554 2757 614 2811 7852
627 2753 684 2810 Od..
696 2755 738 2809 ΙΙΙ.
748 2753 813 2814 lat),
822 2753 948 2817 ἐπέρχεται
959 2750 1027 2814 (od,
1036 2753 1109 2810 XXII,
1126 2755 1187 2815 rost.

123 2827 188 2892 φέρει
199 2828 260 2892 φόως
274 2831 398 2892 βροτοῖσιν
406 2829 458 2892 (λλ,
470 2831 532 2889 XIX,
545 2834 567 2889 t,
581 2829 614 2880 cf.
628 2829 819 2894 φαεσίμόροτυς,
830 2831 914 2886 XXIV,
927 2828 990 2890 ret),
1002 2829 1124 2894 batipalla
1134 2830 1185 2890 (rt,

123 2901 210 2960 XXIII,
223 2901 278 2966 tlt)
287 2941 293 2959 ,
303 2903 355 2953 sive
366 2904 449 2954 πᾶσαν
457 2906 555 2954 ἐπάἷαν
573 2903 627 2964 (ll,
638 2906 703 2960 VIII,
719 2902 741 2965 t)
755 2903 873 2951 κίδναται.
890 2903 1009 2950 Ceterum
1025 2903 1075 2964 δῖα,
1088 2905 1187 2966 φαεινὴ,

124 2978 289 3038 ἐϋπλόκαμος,
299 2982 473 3042 κροκόπεπλος,
487 2981 675 3046 ῥοδοδάκτυλος,
688 2978 860 3043 χρυσόθρονος.

156 3056 181 3103 2.
201 3053 300 3103 ’λνίεται
311 3055 413 3119 (pass),
425 3053 538 3115 ἀνοροόει
554 3053 622 3117 (Od,
634 3057 677 3112 ΙΙΙ,
692 3051 727 3116 Ι),
745 3053 853 3102 ἀννεῖται
868 3050 937 3114 (od,
947 3053 977 3110 ΙΙ,
993 3049 1056 3110 192).
1069 3052 1107 3102 Gi.
1124 3065 1187 3116 praa·

125 3127 214 3177 sertim
227 3128 294 3191 (Od,
307 3131 337 3186 X,
350 3131 444 3192 labli:
459 3131 507 3191 ὅπῃ
524 3131 583 3188 ἠὼς,
600 3129 678 3178 idest
693 3130 749 3192 (nec
760 3126 835 3178 aliter
846 3127 868 3176 is
879 3127 951 3176 locus
962 3125 1069 3190 intelligi
1086 3130 1200 3192 potest),

126 3203 174 3266 ὅπῃ
186 3206 266 3262 ἠέλιος
282 3205 398 3255 ἀννεῖται.
412 3203 510 3254 —lnde
531 3204 575 3254 illa
594 3204 677 3268 regio,
699 3217 775 3268 quam
789 3217 879 3254 aurora
893 3201 1002 3260 obtinet.
1024 3203 1070 3254 soli
1088 3219 1188 3268 quoque

125 3281 288 3349 peculiariter
296 3280 456 3339 adscribitur,
468 3280 503 3330 ita
511 3287 540 3330 ut
551 3294 657 3338 aurorae,
671 3280 732 3330 solis
746 3278 859 3338 orientis,
876 3280 916 3330 vel
929 3293 1025 3330 aurorae
1037 3287 1063 3330 et
1071 3281 1130 3332 solis
1142 3283 1190 3350 ali·
1256 3293 1258 3298 ’

126 3358 227 3424 qnando
239 3357 288 3406 dici
300 3357 412 3421 potuerit
423 3355 504 3420 (praes.
520 3357 549 3405 ΙΙ.
561 3361 619 3420 Ap..
629 3359 684 3414 ild,
700 3356 786 3405 ἔπλεον
800 3357 859 3411 πρὸς
875 3357 913 3413 ἠῶ
927 3355 948 3405 τ’
966 3357 1044 3412 ἠέλιόν
1062 3357 1115 3419 τε),
1129 3357 1190 3407 licet

125 3433 186 3486 alibi
197 3435 247 3494 ἠώς
258 3435 279 3482 τ’
294 3429 374 3493 ἠέλιός
386 3451 412 3482 τι
420 3433 535 3483 latiorem
545 3446 647 3496 quoque
659 3433 797 3495 regionem,
810 3440 840 3482 ut
851 3431 917 3482 iufra
929 3432 1051 3490 dicemus,
1066 3433 1189 3497 designet.

158 3517 183 3564 3.
199 3513 282 3562 Μέσον
295 3513 399 3576 οὐρανόν
412 3509 636 3574 oppresserant,
649 3511 712 3567 v111,
722 3513 765 3567 68;
776 3511 838 3568 XVI,
851 3513 905 3566 tte
925 3509 1110 3570 od.,1v,too).

159 3594 182 3635 l.
199 3588 379 3638 Μετανίσστται
391 3586 538 3650 βουλυτόνδε
548 3585 600 3648 ill..
613 3586 676 3642 XVI,
693 3585 762 3646 tto),
774 3583 866 3633 melius
877 3583 911 3646 ἄψ
922 3584 962 3632 ἐπὶ
973 3589 1046 3645 γαῖαν
1059 3582 1190 3645 ττροτρέττει

126 3681 166 3714 ται
176 3662 244 3726 (od,
254 3663 295 3721 XI,
310 3665 355 3722 18).
370 3687 399 3698 -
413 3667 435 3711 ό,
453 3661 604 3710 licentem.
618 3686 646 3697 -
659 3665 683 3709 6.
700 3661 840 3721 Δυσόμενος
853 3658 923 3720 (bd,
936 3659 956 3714 1,
975 3658 1024 3714 tt).
1035 3681 1066 3690 -
1075 3659 1098 3703 t.
1116 3657 1189 3706 Τοῖσι

128 3741 201 3800 μέλος
219 3739 320 3799 ἕσπερος
333 3737 404 3798 ἢλθεν
417 3737 488 3801 (orb,
500 3740 519 3795 I,
534 3736 598 3798 lta).
610 3735 669 3785 Inde
681 3733 804 3798 HesperIa
818 3730 1013 3794 (bd.,v111,to)
1027 3745 1033 3776 :

351 3848 393 3899 ’ll's
405 3850 465 3914 πρὸς
475 3852 551 3910 ἠοίων
565 3851 581 3909 ἢ
594 3849 714 3910 ἐσπερίων
727 3849 869 3914 όνθρώττονν,

160 3969 184 4014 8.
201 3965 257 4022 Oui,
271 3965 337 4028 apud
348 3967 493 4023 Homerum,
507 3971 532 4014 et
545 3977 560 4012 a
571 3960 785 4028 septentrionibus
794 3971 974 4022 nonuunquam
988 3953 1067 4020 spirat
1076 3955 1129 4016 ill..
1149 3957 1190 4016 11,

129 4045 157 4098 b;
169 4041 226 4097 od„
239 4043 302 4100 xlx,
312 4041 381 4104 toti),
394 4043 488 4100 δυσαής
498 4041 551 4104 (ΙΙ,
565 4041 649 4096 ΙΙΙΙΙΙ,
663 4043 723 4094 20ος
738 4039 797 4098 0d.,
807 4037 847 4091 lv,
862 4037 927 4091 adi).
1094 4043 1097 4050 ·
