3046 4956
706 373 902 445 ——le-f-

274 541 405 608 prorem
416 521 553 604 dirigere
567 519 642 584 solis
654 518 890 602 propemodum
906 516 1109 593 Phaeacibus,
1130 517 1224 600 huius
1236 521 1335 584 maris

274 629 487 718 peritissimis,
503 631 539 692 iu
557 633 698 692 mentem
715 627 838 690 venisse
851 625 1021 690 verisimile
1037 632 1114 689 erat.

313 737 450 801 Excelsae
467 752 563 817 rupes
580 752 651 816 quae
666 733 815 816 utrinque
832 733 957 813 objectu
972 733 1108 796 laterum
1124 740 1254 813 parturn
1267 755 1336 798 arn-

274 846 465 928 piectuntur,
482 840 625 906 Neritum
646 843 806 922 spectant,
826 837 912 920 quod
929 855 1004 902 cum
1020 838 1124 900 solum
1140 856 1175 900 se
1190 839 1290 904 oculis
1306 850 1337 905 et

274 948 379 1034 specie
396 946 484 1012 valde
501 947 708 1028 conspicuum
725 944 856 1020 offerat,
879 943 961 1008 nihil
977 943 1061 1006 aliud
1079 943 1163 1007 inter
1178 943 1292 1009 fluctus
1306 957 1338 1012 et

275 1056 390 1120 coelum
413 1059 557 1136 apparet.
578 1050 744 1116 Meridiani
760 1033 1029 1124 contrementes,
1049 1050 1124 1130 quia
1140 1069 1195 1114 cos
1211 1053 1338 1118 eminus

274 1157 449 1230 cernimus,
468 1173 511 1220 ne
533 1149 671 1236 liguram
692 1152 823 1236 quidem
847 1163 966 1218 certam
990 1153 1175 1218 ostendunt.
1202 1155 1337 1240 Septen-

273 1261 442 1326 trionalenr
455 1278 532 1341 erge
547 1266 693 1323 montem
701 1259 770 1323 sine
780 1257 877 1322 dubio
891 1257 1037 1322 Minervae
1049 1259 1145 1322 verba
1156 1251 1334 1342 designant,

273 1367 481 1448 Neritumque
494 1368 529 1430 in
545 1366 730 1431 interiorem
743 1371 867 1449 partem
880 1364 992 1428 insulae
1007 1364 1228 1446 aqtrihusdam
1241 1369 1339 1432 uiato-

274 1475 364 1540 ribus
380 1480 412 1540 et
426 1473 618 1557 geographis
633 1473 717 1538 male
732 1472 921 1536 translatum
938 1478 995 1535 est.

314 1586 344 1648 4.
358 1586 440 1656 ‚Post
457 1590 605 1666 quartam
620 1583 708 1647 horae
722 1587 857 1664 partem,
873 1581 978 1657 altius,
989 1579 1022 1642 in
1041 1582 1227 1664 speluncam
1243 1582 1336 1646 deve-

274 1689 378 1764 nitur,
397 1708 464 1755 non
490 1690 533 1754 ita
552 1689 635 1753 mari
656 1688 813 1764 vicinam,
832 1692 943 1769 portus
962 1692 1070 1749 tamen
1091 1685 1125 1750 in
1141 1688 1257 1752 vertice
1273 1693 1336 1761 (tat

275 1797 369 1878 κρατὸς
381 1797 522 1874 arphad)
540 1797 695 1879 positam;
715 1813 792 1858 nam
805 1795 929 1859 adeam
944 1811 963 1856 a
980 1792 1062 1855 mari
1073 1792 1229 1858 declivitas
1239 1797 1338 1860 eonti-

274 1919 339 1965 nua
355 1901 452 1964 ducit.
469 1900 602 1964 Forihus
612 1899 747 1980 exiguis
764 1917 843 1980 quas
858 1897 963 1980 lapide
976 1916 1041 1960 uno
1058 1898 1159 1962 Pallas
1173 1900 1338 1964 obstruere

274 2007 439 2082 valuisset,
456 2007 558 2070 aditus
574 2011 659 2089 patet
673 2005 845 2068 invectum
858 2010 889 2066 et
904 2003 1076 2067 obscurum
1094 2007 1250 2086 specunr’,
1263 2007 1335 2088 qui,

275 2113 302 2176 si
318 2113 414 2177 modo
428 2112 532 2176 ablata
552 2118 659 2177 essent
674 2113 792 2177 rudere
809 2112 925 2194 quihus
950 2111 1054 2175 solum
1069 2111 1258 2194 impeditum
1274 2121 1337 2190 est,

274 2217 375 2300 frigus
399 2225 430 2281 et
454 2219 587 2282 umbras
610 2219 723 2284 viatori
748 2218 905 2302 praeheret
927 2235 994 2282 non
1010 2219 1226 2283 inamabilest
1249 2221 1339 2286 Unus

274 2322 378 2388 aditus
394 2330 460 2400 est,
482 2325 521 2389 ad
538 2326 683 2390 Neritum
703 2332 734 2389 et
755 2329 850 2388 Acten
865 2342 990 2401 versus3
1009 2325 1145 2389 alterum
1161 2345 1247 2403 vero,
1264 2330 1339 2393 huic

274 2429 455 2506 adversum,
473 2431 636 2495 dehiscere
653 2429 815 2505 eredereS,
841 2429 896 2511 qui
918 2429 952 2492 in
975 2427 1114 2494 tenebris
1135 2449 1174 2495 ex
1187 2434 1287 2498 ocuHs
1300 2453 1339 2499 se

267 2538 432 2602 subducit.
460 2541 591 2602 Tectum
610 2543 807 2602 cameratum
827 2545 859 2601 et
880 2537 1016 2618 parietes
1041 2539 1180 2618 figurant
1205 2541 1339 2623 lapideae

275 2645 507 2719 concretiones,
532 2643 725 2718 suhruhraei,
749 2661 819 2726 quae
840 2643 937 2708 etiam
953 2649 988 2731 ut
1010 2650 1110 2708 vestes
1126 2645 1160 2708 in
1177 2646 1265 2710 sinus
1280 2647 1337 2713 de-

274 2749 374 2814 fluere
395 2757 426 2814 et
447 2751 570 2815 undare
587 2749 758 2832 aliquando
783 2749 948 2824 videntur;
975 2749 1009 2810 in
1031 2749 1134 2812 solum
1151 2750 1339 2832 fragmentis

275 2853 448 2920 obductum
466 2856 583 2921 stillant
599 2875 689 2941 aquae
705 2873 862 2938 perennes
883 2903 891 2919 .

314 2960 400 3037 lnde,
417 2961 454 3038 si,
470 2963 562 3027 aldus
572 2970 603 3026 et
613 2981 723 3046 uersus
738 2961 916 3037 meridiem,
926 2966 1138 3042 permontem
1148 2959 1336 3043 ilerahrup-

273 3067 357 3128 tumfi
380 3069 562 3149 sequimur,
593 3069 633 3132 ad
660 3068 780 3132 Eumaei
808 3085 926 3150 pascua
950 3084 1045 3148 aegre,
1073 3066 1129 3130 sed
1152 3085 1245 3131 mora
1268 3065 1337 3130 sine

274 3172 390 3247 multa,
408 3175 624 3254 pervenimus.

285 3269 296 3286 '
315 3275 413 3338 Suam
432 3277 510 3340 locis
523 3278 679 3355 termam,
700 3295 775 3340 suos
791 3283 912 3340 naturae
928 3277 1049 3341 colores
1065 3276 1198 3340 reddere
1214 3278 1248 3340 in
1265 3277 1337 3342 des-

274 3381 498 3463 scriptionibus
521 3388 642 3447 veteres
660 3383 819 3467 praecipue
835 3383 1012 3448 studebant.
1032 3384 1149 3447 Ceteris
1163 3403 1238 3448 vero
1255 3402 1337 3467 prae·

275 3495 336 3555 stat
358 3508 396 3555 ea
420 3489 459 3555 de
483 3509 546 3573 qua
562 3489 742 3572 loquimur;
769 3510 829 3556 nec
853 3490 1035 3574 Euripides,
1055 3509 1129 3555 eum
1153 3492 1337 3574 Delphicam

274 3597 415 3675 vallem⁷,
433 3615 493 3663 nec
504 3598 687 3682 Sophoclea,
706 3617 781 3662 cum
793 3617 887 3662 suum
900 3599 1076 3675 Colonum,
1094 3617 1154 3664 nee
1161 3600 1338 3664 Herodotus

275 3723 350 3770 cum
373 3724 503 3790 campos
523 3707 579 3771 uhi
602 3707 720 3771 Graecia
741 3706 849 3770 Asiam
866 3706 996 3781 stravit,
1024 3706 1179 3790 pingeret,
1198 3725 1258 3771 nee
1273 3708 1337 3769 llo·

309 3951 329 3992 l.
347 3947 415 4005 xt11,
434 3951 486 3998 tot.
504 3948 667 4008 —2.1t›id.,
686 3952 740 4008 366,
759 3953 814 4000 ttu.
833 3975 861 3984 -
875 3953 898 3998 li.
917 3945 1016 4012 'Artpar
1033 3949 1152 4012 ἐπήρατον
1169 3946 1261 4012 libid..
1285 3952 1336 4007 103,

275 4019 338 4080 atr).
350 4046 378 4054 -
391 4023 414 4070 t.
434 4023 519 4086 Φάρεα
532 4021 684 4087 ἁλιπόρφυρα
697 4022 782 4086 (ibid,
799 4023 863 4096 totth·
872 4049 900 4059 —
913 4028 935 4075 5.
955 4023 992 4074 Gi.
1007 4021 1142 4080 Thiersch.
1157 4023 1339 4092 llcrpeahlntt,

278 4095 336 4142 teta
349 4095 382 4156 (p.
396 4096 459 4156 eat).
470 4099 533 4146 -6,
552 4099 613 4155 XIV,
628 4101 710 4147 t-r.-
724 4102 745 4150 i..
765 4100 792 4146 ln
807 4099 874 4146 lene.
