3046 4956
716 431 912 502 ..qam

275 580 389 660 saepius
405 579 557 660 loquitur,
585 579 629 642 ita
655 579 855 659 negligenter
879 576 1082 659 descripserit
1098 583 1133 640 ut
1152 595 1212 641 nec
1228 595 1339 642 muros

275 685 344 768 ejus
359 685 397 761 (si
415 686 470 768 qui
486 686 618 749 luissent
636 689 816 748 memoratu
833 684 951 766 digni),
969 701 1029 746 nee
1045 691 1206 765 praerupta
1221 683 1339 758 latera,

274 811 333 856 nec
349 791 412 856 duo
431 811 501 875 quae
510 792 662 874 prospicit
670 792 773 854 maria
783 809 849 854 uno
867 791 978 854 saltem
988 790 1085 854 verbo
1101 791 1338 855 memoraverit.

274 903 330 965 Vel
342 902 375 964 in
389 902 457 984 ipso
472 900 590 982 Ulyssis
604 918 716 981 regno,
734 917 791 962 suc
809 899 940 962 nomine
951 897 1093 979 pingitur
1102 915 1236 980 parrum
1248 897 1338 973 illud,

274 1010 383 1073 forsan
394 1007 529 1082 inmari,
541 1023 665 1082 saxum,
677 1007 767 1088 cujus
781 1023 937 1070 cacumen
945 1005 1022 1088 ipsis
1034 1003 1137 1085 capris
1146 1003 1340 1085 impervium

276 1119 357 1180 est¹:
377 1132 449 1178 eam
466 1130 538 1176 vero
553 1113 580 1176 si
596 1132 719 1189 arcem,
736 1114 874 1196 seopulis
891 1119 922 1176 et
935 1113 1049 1194 pelago
1061 1111 1147 1174 velut
1157 1111 1272 1192 aquilae
1286 1111 1341 1174 ni·

274 1219 353 1283 dum
365 1219 701 1302 superimpendentem
712 1221 870 1284 Homerus
879 1217 1074 1300 aspexisset,
1092 1215 1252 1280 credimus
1264 1235 1340 1282 eum

273 1326 383 1389 fallere
399 1326 539 1408 potuisse
556 1332 611 1390 aut
633 1326 809 1408 imaginem
833 1341 905 1407 quat
925 1330 1038 1406 sponte
1061 1342 1119 1387 sua
1141 1323 1285 1386 Ciceroni
1306 1343 1341 1390 se

274 1432 413 1509 obtulit’,
433 1438 488 1496 aut
502 1451 623 1495 nomen
640 1432 719 1496 illud
735 1449 810 1496 rere
823 1429 1044 1494 homericum⁸
1057 1428 1098 1492 ab
1117 1427 1194 1509 ipsis
1208 1427 1341 1509 pastori·

274 1537 335 1601 hus
351 1538 423 1601 colli
436 1543 466 1602 et
477 1537 579 1601 mihis
597 1537 691 1620 vulgo
709 1534 871 1600 inditum?
912 1585 925 1604 .

313 1642 347 1705 ld
369 1642 465 1706 etiam
489 1644 647 1707 Homerus
672 1648 761 1706 notat
777 1640 921 1705 difficiles
940 1657 1008 1703 esse
1023 1639 1089 1702 vias
1104 1657 1174 1722 quae
1189 1638 1230 1702 ah
1246 1645 1341 1702 antro

273 1750 495 1833 Nympharum
506 1751 541 1814 in
559 1751 681 1814 Eumaei
704 1750 843 1824 stabula,
868 1747 908 1812 ab
923 1748 1053 1811 Eumaeo
1065 1746 1105 1811 ad
1130 1746 1251 1814 tantem
1265 1745 1340 1808 urbi

274 1857 414 1922 vicInum
427 1857 583 1934 ducunt‘;
599 1858 699 1920 multo
715 1855 873 1920 difficilior
889 1872 966 1917 vero
983 1872 1019 1916 ea
1036 1859 1119 1916 esset
1132 1871 1234 1934 quaea
1253 1852 1342 1918 tonte

275 1963 309 2026 in
326 1982 435 2028 arcem
457 1963 588 2027 duceret
610 1978 617 2025 :
640 1979 698 2024 our
715 1960 754 2023 de
773 1978 811 2023 ea
824 1959 921 2022 tacuit
937 1959 1086 2034 omnino,
1112 1977 1210 2040 quam
1234 1965 1340 2022 tamen

275 2069 401 2133 assiduo
420 2074 614 2150 sequuntur,
636 2067 663 2130 si
685 2067 741 2149 qui
754 2073 809 2130 aut
825 2065 865 2128 ab
884 2065 1005 2129 aedibns
1021 2064 1055 2126 in
1071 2066 1195 2142 lorum,
1218 2074 1274 2131 aut
1298 2066 1342 2129 ah

274 2175 354 2238 urhe
371 2175 406 2237 in
422 2179 551 2256 portum
567 2171 786 2237 descendunt?

314 2279 432 2360 Ulyssis
442 2280 546 2361 ipsam
559 2279 704 2359 domurn,
724 2287 814 2363 septo
825 2281 983 2344 munitam
996 2300 1074 2356 esse,
1088 2281 1131 2345 ab
1143 2281 1225 2345 urhe
1235 2282 1343 2362 sejun-

274 2390 369 2459 ctam,
388 2385 562 2466 ceterisque
572 2386 727 2468 majorem
740 2392 770 2449 et
780 2385 996 2468 pulchriorem
1002 2387 1240 2451 tuisseconstat⁸
1252 2405 1258 2451 :
1272 2387 1341 2469 qui·

275 2489 335 2554 hus
354 2496 461 2554 tamen
478 2508 549 2552 earn
559 2489 741 2567 imminere,
753 2491 849 2555 veluti
859 2509 967 2554 arcem
975 2492 1065 2556 valde
1075 2493 1246 2568 munitam,
1257 2509 1339 2575 prce·

275 2601 418 2678 ruptam,
436 2595 730 2678 inexpugnabilem,
745 2597 826 2660 nihil
842 2603 888 2660 est
903 2615 961 2662 cur
978 2597 1157 2662 credamus.
1171 2600 1338 2674 Praeterea,

276 2703 357 2785 quis,
381 2701 416 2764 in
436 2702 538 2785 spatio
560 2708 626 2766 tarn
649 2703 782 2785 exiguo,
809 2701 912 2767 muris
928 2703 1071 2786 undique
1089 2705 1340 2780 clrcnmvallato,

276 2808 360 2890 quis,
376 2809 529 2892 inquam,
545 2810 595 2874 his
612 2809 733 2875 aedihus
749 2816 894 2894 superest
908 2810 1008 2885 locus,
1028 2828 1099 2892 qnae
1110 2810 1180 2874 aliae
1190 2811 1259 2874 aliis
1271 2829 1342 2875 suc-

274 2914 414 2990 cedn11t⁶‚
432 2916 628 2999 insuperque
646 2925 677 2981 et
695 2919 794 2995 aule,
814 2925 845 2982 et
868 2917 1046 3000 pavimento
1068 2923 1141 2981 ante
1164 2918 1247 2981 tores
1266 2936 1342 2981 con-

276 3020 353 3098 dito,
371 3023 427 3086 ubi
444 3024 568 3100 discos,
593 3025 717 3090 hastiHa
738 3027 1005 3110 insolentiamque
1025 3044 1117 3090 suam
1141 3026 1229 3108 proci
1248 3042 1341 3089 exer·

276 3135 349 3192 cent
356 3131 377 3204 ⁷,
396 3131 554 3212 hortoque
569 3135 748 3213 prasertim
765 3141 796 3198 et
811 3135 950 3217 antiquae
967 3135 1072 3198 ohvae⁸
1092 3135 1144 3200 cui
1163 3135 1341 3199 thalamum

273 3233 398 3314 Ulysses
420 3235 648 3300 circumdedit?
670 3238 835 3310 Quomodo
854 3241 949 3302 etlam
969 3240 1002 3302 in
1020 3240 1157 3303 arduum
1180 3239 1269 3304 collis
1285 3257 1346 3302 ca-

275 3356 393 3402 cumen
406 3340 440 3404 hi
457 3339 690 3422 perrepsissent
702 3343 798 3407 hoves
815 3362 952 3425 quorum
962 3345 1006 3407 ihi
1016 3345 1112 3409 simul
1125 3365 1161 3410 aa
1179 3347 1342 3409 mulorum

276 3451 396 3508 stercus
420 3444 548 3508 abunde
566 3445 675 3509 fusum
698 3449 798 3512 erant
821 3450 896 3513 Urhi
917 3450 1057 3532 denique
1078 3452 1113 3515 in
1136 3452 1261 3530 declivi,
1284 3471 1347 3536 per

310 3647 331 3688 t.
349 3641 446 3705 Αἰγίλιψ
459 3644 562 3706 τρηχεῖα
580 3638 634 3702 (rt,
650 3643 682 3700 11,
698 3642 766 3701 663),
778 3641 863 3692 forsan
876 3643 998 3694 hodierna
1017 3644 1124 3702 Ἅτοκος.
1145 3650 1169 3696 2.
1186 3646 1297 3697 Ithacam
1315 3645 1342 3696 in

274 3715 421 3780 asperrimis
430 3715 495 3766 saris
503 3722 625 3780 tanquam
636 3715 726 3767 nidum
738 3717 885 3783 atfixam(de
896 3719 978 3778 Orat..
990 3721 1108 3785 11,tt).-
1118 3727 1141 3774 3.
1152 3725 1238 3786 'Assia
1252 3723 1340 3784 αἰετός,

275 3791 343 3840 unde
354 3792 433 3853 litos,
445 3794 509 3842 Atto.

307 3869 332 3915 4.
352 3868 467 3932 Ἀταρπὸς
485 3875 587 3932 τρηχεῖα
608 3869 748 3932 (oc.,x1v‚
766 3873 800 3928 tl,
824 3869 970 3935 ἅταρπιτός,
996 3873 1145 3939 ἀρισφαλὴς,
1167 3874 1342 3926 satsat-tam

272 3940 356 4000 (XVII,
370 3945 425 4001 234,
441 3944 492 4000 196,
505 3944 567 4007 tol).
581 3970 612 3980 —
624 3947 647 3994 5.
666 3944 724 4003 Od.,
739 3948 818 4004 XVII,
831 3948 887 4004 26⁴,
904 3961 959 4010 sqq.
972 3974 1004 3984 -
1015 3951 1039 3997 6.
1055 3949 1122 3999 ibid.
1140 3954 1195 4001 266.
1207 3977 1235 3986 -
1248 3955 1271 4001 l.
1286 3951 1341 4000 Ilt-

274 4017 351 4077 perdta
362 4017 492 4080 μεγάροιο,
501 4017 526 4067 ἰν
535 4024 617 4081 τυκτῷ
629 4020 727 4083 δαπέδῳ
739 4022 789 4084 (Ν,
802 4023 968 4082 666621).-
979 4028 1002 4072 8.
1014 4025 1105 4084 xxllt,
1118 4029 1171 4078 tac.
1185 4053 1212 4062 -
1224 4029 1247 4076 9.
1261 4027 1340 4084 ΧῊῙ,

422 4742 835 4926 Δ
