3046 4956
707 357 900 426 ...36-

270 497 386 566 iisdem
403 517 503 584 prope
519 500 552 563 in
568 499 663 574 locis,
681 500 929 577 imminuenda,
948 502 1053 578 olivis,
1069 503 1145 585 piris
1156 504 1336 587 vitibusque

272 608 366 672 variis
381 627 400 671 a
417 614 510 689 poeta
526 608 730 683 memoratis,
749 608 862 690 siliqua
879 610 974 672 etiam
991 628 1099 674 ramos
1115 610 1268 674 fructibus
1285 610 1336 674 in-

272 719 416 778 curvatos
439 720 469 776 et
488 713 659 795 aliquando
680 714 784 776 malus
802 733 899 778 aurea
915 715 1113 780 dehiscentes
1130 717 1225 778 simul
1241 716 1337 779 llores

271 839 431 903 pomaque
448 820 691 884 maturescentia
706 820 888 884 obtulerint.

309 924 452 987 Neritum
470 930 500 986 et
514 924 629 985 Neium
646 941 665 986 a
681 923 838 986 messibus
852 929 1053 1006 tempestates
1065 925 1226 1002 arcebant,
1245 925 1336 990 inco-

269 1030 372 1112 lisque
400 1031 495 1095 etiam
526 1029 711 1112 praebebant
740 1029 877 1092 sontium
906 1049 1049 1111 aquam,
1083 1031 1334 1112 focislignum,

270 1135 402 1198 navibus
421 1133 545 1209 trabes,
574 1133 724 1214 gregibus
746 1152 882 1215 pascua,
910 1134 1034 1218 ipsique
1055 1136 1173 1217 populo
1189 1137 1334 1217 refugia,

270 1239 295 1301 si
321 1241 402 1302 forte
427 1238 534 1302 minus
559 1257 670 1302 secura
693 1239 805 1302 littora·
823 1239 905 1302 faeta
920 1246 1021 1304 erant.
1047 1241 1168 1303 Rursus
1191 1239 1334 1302 ithacen-

218 1353 220 1358 '
269 1345 374 1420 sibuS,
399 1331 472 1408 oum
486 1344 629 1427 undique
646 1362 735 1407 mare
751 1350 890 1426 pateret,
910 1363 986 1426 opes
1007 1345 1103 1408 etiam
1123 1345 1233 1407 alicnae
1250 1346 1334 1408 ultro

269 1471 303 1515 se
317 1453 508 1534 offerebant,
533 1452 671 1534 pecudes
692 1453 809 1516 scilicet
829 1460 860 1515 et
882 1452 989 1534 fruges
1008 1471 1087 1534 quas
1101 1453 1282 1524 Acamauia
1303 1461 1335 1518 et

270 1564 363 1624 Same
387 1580 427 1624 ne
451 1561 610 1644 denegare
630 1561 759 1643 quidem
782 1560 971 1636 audebant¹,
993 1559 1137 1642 praedave
1161 1580 1180 1624 a
1201 1561 1336 1625 Nerico’

266 1675 339 1750 post
353 1669 518 1733 victoriam
535 1676 654 1732 exacta.

306 1777 469 1858 Denique,
496 1777 522 1839 si
539 1776 581 1839 ad
602 1777 741 1839 formam
757 1777 904 1838 locorum
919 1773 1121 1849 attendimus,
1141 1775 1211 1856 quis
1227 1776 1261 1838 in
1282 1776 1332 1838 irr-

264 1883 356 1958 sula,
384 1883 455 1963 quis
472 1883 605 1946 fortasse
623 1881 657 1942 in
679 1881 771 1944 terris
787 1881 879 1954 situs,
898 1886 961 1942 tres
977 1880 1089 1956 valles,
1113 1887 1286 1962 portusque
1304 1889 1333 1944 et

267 1995 393 2052 montes
417 1988 550 2050 totidem
575 1991 640 2048 tam
666 1985 754 2047 brevi
778 1985 809 2046 in
838 1984 937 2065 spatio
959 2001 1129 2059 coercens,
1160 1985 1202 2048 ita
1232 1994 1333 2068 poetae

267 2093 371 2157 verbis
391 2094 493 2172 (inter
508 2111 541 2156 se
558 2089 729 2172 aliquando
745 2108 880 2172 parum,
899 2097 938 2158 ut
946 2090 1083 2166 videtur,
1101 2095 1332 2170 consentaneis)

266 2198 453 2280 respondet,
472 2217 547 2261 cum
563 2198 646 2261 hanc
661 2197 797 2260 insulam
810 2204 1004 2271 montosam,
1022 2196 1209 2279 abruptam,
1226 2217 1333 2280 asper-

266 2305 383 2368 rimam
397 2324 465 2369 esse
479 2304 612 2379 dictitet,
630 2304 767 2366 fertilem
778 2309 907 2382 tamen,
923 2310 952 2371 ct
965 2303 1096 2384 insuper
1111 2303 1332 2385 navigantibus

266 2412 352 2476 aditu
368 2413 552 2476 facillimam
563 2410 596 2472 ⁸?
1308 2426 1313 2430 ·

306 2526 336 2583 6.
362 2519 554 2600 Penelopesl
577 2518 740 2600 ipsiusque
765 2517 904 2580 Laertis³
927 2517 1038 2580 hortos
1064 2518 1140 2599 quid
1169 2537 1332 2600 quaram,

266 2643 340 2690 oum
356 2627 405 2689 vel
419 2626 452 2689 in
467 2625 606 2688 Homero
621 2624 736 2687 indicia
758 2623 832 2686 satis
850 2630 935 2688 certo
957 2623 1076 2687 desint?
1093 2625 1155 2687 Nec
1170 2625 1227 2688 ubi
1238 2625 1333 2689 luerit

265 2735 421 2798 Mercurii
432 2733 549 2809 collisi,
569 2732 627 2796 etsi
644 2732 852 2814 conspicuum
867 2731 954 2795 hunc
971 2733 1068 2796 luisse
1084 2732 1254 2796 verisimile
1271 2740 1330 2810 est,

266 2843 418 2926 quoniam
434 2844 500 2906 Deo
517 2840 637 2906 dicatus
652 2847 719 2905 erat
733 2841 823 2924 qu'us
840 2858 961 2904 numen
978 2840 1012 2902 in
1027 2840 1138 2922 primis
1154 2840 1334 2904 Ithacenses

264 2949 463 3026 adorarenu,
482 2949 623 3013 indicare
640 2949 755 3012 ausim.
774 2947 853 3022 Sed,
870 2947 1058 3029 priusquam
1074 2947 1108 3009 in
1120 2947 1329 3012 meridianam

263 3057 376 3122 insulae
389 3065 513 3140 partem
527 3056 737 3131 descendam,
752 3055 790 3119 de
804 3056 905 3119 ruinis
917 3055 1029 3131 etiam,
1048 3055 1088 3118 ab
1102 3056 1240 3118 Homero
1255 3074 1330 3120 sane

263 3180 330 3224 non
348 3162 531 3242 descriptis,
550 3163 604 3226 sed
621 3161 742 3248 quibus
752 3161 883 3223 Homeri
903 3179 1023 3224 nomen
1038 3161 1232 3244 adscriptum
1253 3163 1328 3237 fuit,

263 3285 364 3351 pauca
374 3267 490 3331 addere
501 3268 597 3332 libet:
612 3285 717 3348 neque
728 3267 804 3330 alias
819 3267 852 3330 in
862 3268 984 3343 ithaca,
1001 3275 1116 3349 praeter
1126 3270 1195 3331 Aeto·
1206 3287 1328 3347 muros,

263 3371 372 3435 ruinas
387 3355 578 3453 insigniores
593 3371 700 3434 videre
717 3376 775 3434 est.

302 3480 400 3543 Paulo
414 3480 496 3542 rdtra
511 3480 631 3542 iontem
647 3480 794 3560 nigrum,
814 3485 843 3542 et
857 3479 1072 3550 altiusrersus
1087 3480 1329 3562 septentriones,

261 3588 347 3652 horti
362 3589 558 3652 luxuriantes
575 3586 712 3667 abrupta
728 3585 817 3667 rupis
831 3586 929 3649 latera
948 3605 1038 3668 paene
1054 3594 1218 3670 retegunt;
1240 3589 1331 3671 cujus

261 3693 296 3756 in
312 3711 440 3756 summa
456 3701 563 3776 parte,
580 3691 715 3775 gradus,
734 3709 835 3755 manu
852 3692 907 3754 sed
924 3691 991 3754 sine
1007 3698 1073 3756 arte
1089 3693 1176 3770 facti,
1191 3712 1210 3758 a
1227 3693 1332 3777 parvis

294 3945 315 3993 t.
330 3943 393 4000 xiv,
417 3943 470 4000 roo.
487 3944 537 4000 xx,
552 3943 607 3992 no.
619 3947 680 3992 -a
694 3927 778 3999 xxii,
795 3945 849 3992 arr.
865 3969 894 3978 -
914 3947 936 3993 a.
951 3941 988 3993 cr.
1007 3957 1091 4008 supra,
1110 3958 1131 3994 ο.
1151 3948 1173 4002 1.
1194 3960 1213 3994 s.
1231 3948 1254 3996 s.
1268 3948 1328 3995 -a

260 4019 302 4075 rv.
315 4023 369 4068 rar.
381 4023 444 4068 -a
457 4017 494 4066 or.
505 4020 534 4068 c.
544 4020 576 4075 u,
589 4031 609 4066 s.
622 4019 712 4066 1.-e.
727 4017 771 4064 oa.
786 4019 847 4074 xvi,
860 4019 915 4068 nr.
925 4041 952 4055 -
962 4023 983 4069 r.
996 4021 1058 4078 xiv,
1071 4022 1126 4079 ias.
1136 4022 1187 4096 rr.
1198 4023 1256 4072 aro.

305 4638 517 4924 d
659 4586 807 4767 ’Ψ
906 4692 1050 4923 9
