3046 4956
632 403 749 474 -lrtl
778 443 824 456 --

191 571 304 620 uterus
327 552 395 636 ipse
418 571 553 637 usquam
576 553 652 617 alibi
668 553 801 636 subjecit
817 555 915 618 ocuIIs
937 553 1110 636 imaginem
1129 551 1257 635 propio-

191 660 407 726 remveritati.
420 663 484 724 Suo
500 662 572 742 jure
582 661 687 743 poesis
698 661 808 737 utitur,
824 679 909 736 cum,
922 677 1052 742 specum
1068 665 1105 722 ut
1113 665 1255 731 exornet,

191 775 333 832 crateras
355 774 387 832 at
407 769 578 849 amphoras
604 766 659 830 nbi
683 767 778 831 mella
804 765 968 850 deponunt
992 783 1088 848 apes,
1117 766 1258 847 jugaque

191 875 292 956 longa
301 874 336 938 in
352 873 469 956 quihus
484 874 578 956 pallia
593 891 756 956 purpurea
771 874 847 956 ipsae
862 879 974 938 texunt
987 872 1152 954 Nymphae,
1169 876 1258 949 θαῦμα

193 979 319 1054 tutatae,
338 979 447 1060 fingit,
473 985 527 1042 aut
546 997 604 1062 per
624 980 720 1054 fores,
737 979 923 1043 hominihus
942 979 1057 1054 invias,
1073 979 1155 1041 Deos
1170 975 1258 1040 exire

192 1091 365 1149 memorat.
385 1087 513 1162 Verum,
535 1086 592 1149 etsi
608 1087 716 1168 patula
730 1087 829 1150 ramis
845 1087 944 1151 oliva¹
959 1086 1069 1169 petiit,
1088 1083 1259 1168 quiseatsi

193 1191 293 1257 modo
312 1201 456 1273 portum,
479 1193 664 1274 speluncam
679 1191 913 1276 adversumque
936 1199 1081 1257 montem
1096 1191 1145 1254 vel
1161 1186 1258 1256 semtd
1315 1177 1317 1184 ’

193 1299 290 1376 vidit)
307 1316 373 1362 non
388 1305 539 1380 agnoscet
552 1316 623 1380 quae
639 1299 740 1380 Ulyssi
753 1298 892 1363 Minerva
908 1297 1062 1363 ostendit?

379 1463 528 1536 Phorcynis
541 1463 653 1535 quidem
665 1463 710 1520 hic
722 1472 763 1521 est
778 1471 880 1536 portus,
892 1464 992 1520 manni
1004 1463 1123 1520 senis...

340 1556 410 1614 Ecce
422 1564 513 1612 autem
526 1556 658 1630 spelunca
668 1557 807 1624 umbrosa,
822 1557 869 1613 uhi
881 1564 910 1612 tu
928 1557 1030 1612 multas

340 1649 518 1707 Sacridcebas
531 1650 666 1723 Nymphis
679 1649 813 1722 perlectas
824 1650 1016 1706 hecatomhas:

340 1743 398 1800 Iloo
411 1758 475 1798 vero
486 1742 609 1798 Neritum
623 1749 673 1810 est,
687 1757 768 1797 mons
778 1740 848 1799 silva
859 1741 1002 1798 vcstitus³.

240 1898 323 1972 luto,
341 1916 406 1960 non
430 1904 477 1960 est
494 1897 571 1960 situs
587 1895 694 1978 quiex
713 1895 909 1960 solertissimi
930 1895 1059 1978 pictoris
1075 1912 1171 1976 opere
1187 1895 1263 1958 faci-

198 2002 262 2066 lius
276 2003 407 2083 agnosci
423 2003 522 2085 possit
538 2020 636 2084 quam
651 2002 704 2066 ille
719 2002 901 2084 agnoscitur
918 2022 957 2068 ex
968 2001 1261 2068 Homeriversihns.
1291 2067 1292 2070 ,

199 2109 264 2173 Nec
279 2109 444 2174 invenuste
460 2109 538 2172 dixit
553 2107 683 2190 ahquis⁸
708 2127 784 2174 enm
802 2115 888 2174 tanta
904 2129 979 2175 cum
995 2113 1124 2174 verItate
1140 2109 1263 2173 descri-

200 2221 291 2296 ptum
309 2233 389 2290 esse,
407 2221 458 2290 ut,
469 2215 592 2278 etiamsi
606 2215 727 2287 Ithaca,
742 2213 898 2278 Voelkerio
909 2215 1052 2297 jubente,
1068 2231 1126 2278 suo
1141 2212 1263 2278 deloco

201 2316 355 2389 cessisset,
367 2314 531 2379 necmodo
541 2315 975 2398 Samencircumnavigasset,
986 2316 1039 2380 sed
1053 2315 1185 2379 eliasibi
1197 2333 1265 2379 ma-

202 2422 263 2498 ria,
274 2419 485 2485 aliudcoehun
501 2420 693 2503 quaesiisset,
709 2423 1054 2499 eamtamen,Homero
1066 2421 1158 2512 duce,
1176 2420 1264 2484 facil-

201 2527 277 2592 limo
288 2525 526 2608 agnoscendam
535 2544 613 2600 esse,
624 2525 1128 2612 dummodoinlerNympharum
1138 2525 1267 2609 spelun-

197 2633 1263 2718 cametNeritumvestitumsilvis,Phorcynisportumnonamisisset.

243 2745 273 2805 5.
297 2743 333 2804 ln
349 2703 411 2804 hac
429 2746 533 2803 tamen
552 2739 713 2820 spelunca,
730 2740 940 2822 Porphyrins⁵
956 2740 1147 2817 abstrusam,
1160 2761 1266 2824 neque

203 2846 417 2912 Alexandrina
431 2845 646 2928 philosophia,
660 2863 764 2927 neque
776 2846 845 2927 ipso
859 2847 988 2910 Platone
997 2848 1174 2929 indignam,
1191 2847 1267 2912 doc-

203 2954 319 3016 trinam
335 2953 433 3016 latere
450 2951 626 3034 suspicatus
640 2957 687 3014 est
702 2969 709 3015 ε
726 2969 823 3033 quem
840 2953 866 3015 si
888 2954 974 3016 enim
995 2972 1052 3017 sua
1072 2953 1171 3034 ipsius
1194 2951 1268 3016 suh·

204 3059 297 3123 tilitas
331 3077 398 3123 non
430 3059 604 3133 fefellisset,
635 3057 723 3122 nulla
751 3063 799 3121 est
818 3058 941 3140 poetica
965 3064 1020 3122 aut
1048 3058 1268 3142 philosophica

207 3165 372 3246 allegoria,
400 3183 441 3228 ne
465 3164 543 3228 illud
570 3163 701 3245 quidem
717 3164 885 3230 Platonica
905 3165 1099 3249 Reipublicae
1117 3172 1266 3245 antrum,

207 3291 277 3356 quae
287 3292 362 3338 cum
373 3273 585 3337 Ithacensium
601 3273 822 3355 Nympharum
839 3281 932 3340 antro
948 3275 1087 3341 conferri
1100 3284 1216 3360 posset,
1236 3277 1271 3340 in

208 3398 287 3462 quo,
311 3398 386 3444 cum
412 3381 588 3463 Porphyrio
615 3387 645 3445 et
670 3382 929 3467 mythographis,
957 3385 1149 3450 recentiores
1174 3384 1270 3449 etiam

208 3486 653 3569 interpretcsma1·ia,polos,
678 3506 813 3570 corpora
834 3507 852 3552 e
874 3490 951 3553 limo
971 3489 1148 3559 nascentia,
1168 3489 1269 3568 ipsas-

210 3611 270 3676 que
283 3592 422 3670 anitnas,
444 3600 513 3656 tum
538 3594 572 3657 in
595 3601 697 3659 terras
720 3595 966 3670 descendentes,
988 3601 1058 3659 tum
1077 3599 1269 3657 revertentes

210 3699 360 3774 adestne,
384 3700 490 3764 videre
507 3719 573 3766 non
590 3703 766 3766 recusante

244 3933 265 3976 i.
283 3927 339 3986 Θόη
355 3928 420 3988 ΧΙΙΙ,
435 3932 558 3980 tos-t.
576 3929 732 3994 Τανύφυλλος
745 3929 782 3990 (ν.
795 3926 848 3986 cit,
865 3929 1054 3993 tatami-3.
1068 3931 1132 3997 XIII.
1149 3931 1208 3988 ata,
1225 3932 1272 3980 tto

212 4017 265 4066 sqq.
280 4029 312 4038 -
325 4006 349 4053 l.
367 4003 557 4064 Wordsworth,
569 4003 634 4056 trad.
653 4005 743 4070 franc,
757 4020 783 4070 p.
793 4007 848 4055 tto.
859 4031 887 4039 -
901 4012 922 4056 t.
942 4003 1044 4069 Porph,
1057 4006 1178 4054 caloae
1191 4006 1275 4068 Nom-

210 4079 333 4138 phorum.
343 4105 371 4115 -
381 4083 405 4130 6.
424 4081 489 4128 lime
501 4077 600 4139 DacIer,
614 4085 684 4130 notes
696 4093 741 4129 sur
750 4079 883 4142 l’Odpssde.
