3046 4956
619 425 789 490 ..5...

172 563 445 646 Phrygiarumque
462 572 641 628 turmarum
663 564 906 627 autGraecarum
920 565 1049 627 navium
1064 564 1237 647 uuicuique

172 670 314 732 suumin
330 689 443 754 campo
455 677 486 735 et
503 671 537 734 in
553 671 710 734 littoribus
723 671 830 734 locum
842 671 1017 752 assignare.
1313 750 1316 757 Ι

213 775 372 858 Spohnius
386 795 460 841 vero
477 796 543 842 non
560 778 667 840 minus
681 785 766 841 errat
787 796 879 853 cum,
896 776 951 840 ubi
967 778 1103 842 viatores
1126 779 1234 842 omniu

171 887 291 945 temere
313 892 506 964 agnoscunt,
529 883 574 946 ibi
600 901 639 947 ex
661 883 810 947 cathedra
830 903 887 948 sua
910 883 989 946 nihil
1006 901 1074 948 esse
1097 884 1235 946 affirmat

171 991 257 1070 quod
272 992 412 1075 imagine
424 1010 499 1055 vero
516 991 803 1072 sibiqueconstanti
815 992 972 1055 Homerus
988 991 1234 1054 adumbraverit.

170 1095 328 1178 Equidem
345 1117 404 1162 nec
422 1099 550 1179 llyrinae
561 1099 756 1180 AEsyeteeque
770 1099 920 1173 tumulos
932 1116 991 1160 ner.
1005 1096 1118 1160 clivum
1136 1114 1235 1160 amoe-

151 1219 251 1280 ¹num
269 1205 508 1280 (Καλλικολίηην),
527 1223 586 1270 uec
610 1205 757 1288 inprimis
774 1207 936 1288 speculam
950 1205 1110 1281 (σκοπιήν),
1129 1203 1231 1285 capri·

168 1307 267 1373 ficum
288 1312 417 1388 (ἐρινεόν),
439 1312 556 1375 Priami
577 1314 717 1386 hortum,
739 1313 913 1394 legumque
936 1312 1001 1374 Jovi
1025 1329 1160 1385 sacram,
1177 1313 1235 1375 etsi

169 1415 233 1478 alta
250 1423 280 1480 et
295 1418 428 1500 pulchra
442 1419 546 1494 luerit,
561 1437 613 1482 me
625 1418 784 1500 quaesiisse
799 1419 961 1500 protiteor.
977 1417 1036 1490 Qui
1053 1417 1235 1481 omnesloci

168 1521 212 1584 ab
228 1522 367 1586 Homero
388 1524 437 1587 bis
453 1530 537 1587 torve
561 1530 794 1598 memorantur,
812 1542 879 1586 non
895 1523 938 1586 iia
961 1523 1169 1604 designantur
1188 1529 1236 1586 ta·

168 1645 244 1690 men
260 1635 295 1692 ut
308 1647 363 1692 eos
381 1631 475 1693 nohis
491 1631 594 1712 ligura
611 1630 781 1710 singularis
796 1630 1007 1704 demonstret,
1031 1637 1085 1692 eut
1099 1647 1233 1710 compu-

167 1734 230 1794 tari
245 1733 338 1796 liceat
353 1741 429 1815 quot
445 1735 589 1816 passibus
603 1735 686 1796 inter
698 1752 742 1807 se,
753 1733 801 1794 vel
817 1733 858 1794 ah
874 1733 962 1806 urbe,
981 1734 1030 1795 vel
1044 1735 1156 1796 amari
1173 1732 1236 1797 dis·

167 1841 263 1902 tent¹.
284 1839 543 1920 Quibuscumque
563 1857 637 1902 vero
658 1838 780 1919 laqueis
805 1855 863 1900 nos
893 1838 1050 1901 involvere
1075 1837 1235 1919 Spohnius

166 1946 385 2022 contenderit,
414 1946 554 2028 regionis
577 1945 768 2009 hodiernam
791 1943 1007 2006 conditionem
1039 1962 1080 2007 ne
1108 1943 1234 2007 novisse

167 2051 298 2132 quidem
315 2069 395 2134 opus
409 2059 456 2115 est
470 2058 515 2124 ut,
532 2059 655 2115 tantum
666 2071 704 2114 ex
717 2050 847 2113 Homeri
861 2051 1014 2128 versibus,
1027 2069 1107 2132 quos
1122 2058 1152 2115 et
1167 2051 1230 2126 ille,

168 2157 283 2220 melius
301 2159 430 2230 ceteris,
446 2159 587 2239 collegit,
604 2157 649 2220 llii
666 2159 778 2231 situm,
795 2157 980 2220 Scamandri
999 2158 1112 2232 tontes,
1128 2157 1232 2220 enanis

167 2282 227 2346 per
245 2283 339 2346 agros
356 2247 497 2340 cursum,
516 2264 549 2326 lli
567 2272 598 2327 et
618 2263 747 2326 Achillis
766 2264 922 2338 turnicius,
942 2257 1124 2328 Graecorum
1142 2262 1231 2327 deni-

167 2389 230 2452 que
256 2370 422 2434 stationem
445 2379 475 2434 et
497 2378 600 2434 castra
619 2369 727 2433 animo
745 2370 941 2450 figuremus,
958 2369 1024 2432 imo
1040 2369 1106 2432 haec
1123 2369 1230 2432 omnia

167 2477 258 2559 quasi
282 2478 447 2558 praesentia
468 2478 631 2558 oculisque
648 2475 788 2557 subjecta
804 2477 923 2540 habere
939 2476 973 2538 in
991 2483 1162 2558 conspectu
1181 2493 1232 2538 ar-

161 2584 350 2654 hitrernurt
369 2587 477 2667 Neque
494 2585 581 2666 digni
605 2589 695 2646 erant
713 2583 765 2664 qui
780 2602 799 2645 a
815 2583 920 2647 Wollii
941 2583 1102 2664 discipulis
1121 2583 1164 2646 ite
1177 2583 1232 2646 de·

167 2691 360 2768 riderentur,
369 2692 468 2774 siqui,
480 2691 814 2770 Woodiitexemplum
826 2689 934 2763 secuti,
946 2689 1041 2770 longa
1051 2695 1082 2751 et
1097 2688 1231 2751 molesta

166 2798 282 2861 itinera
307 2805 514 2880 susceperunt
530 2805 563 2859 ut
580 2798 662 2859 hanc
685 2797 850 2876 regionem
868 2795 908 2857 ab
925 2796 1063 2858 Homero
1088 2794 1230 2858 celebra·

168 2911 234 2967 tam
243 2905 308 2968 suis
319 2905 417 2968 oculis
428 2905 580 2976 viderent,
593 2909 845 2984 praesentemque
856 2900 923 2979 ejus
933 2900 1147 2962 conditionem
1155 2918 1230 2962 cum

166 3017 267 3090 poetae
283 3007 547 3089 descriptionibus
561 3006 730 3070 conciliare
745 3010 954 3067 tentaverunt.

206 3123 236 3178 5.
261 3116 341 3178 Cum
357 3133 443 3190 vero,
460 3131 527 3176 non
543 3113 640 3176 modo
655 3112 695 3175 de
707 3113 832 3174 tumulo
857 3118 888 3174 et
911 3110 991 3172 clivo
1015 3126 1227 3193 unoquoque,

167 3221 221 3284 sed
240 3221 337 3284 etiam
353 3219 393 3284 de
414 3219 533 3294 fluviis,
565 3218 605 3282 de
631 3216 789 3291 lontibus,
818 3216 857 3279 de
880 3217 949 3298 ipsa
965 3216 1046 3280 urhe
1062 3216 1230 3299 opiniones

166 3325 369 3390 defenderint
384 3325 516 3390 omnino
532 3325 615 3388 inter
631 3344 665 3388 se
683 3324 910 3405 discrepantes,
922 3325 990 3406 jam
1000 3342 1037 3387 ea
1050 3323 1230 3390 diversitate

168 3433 228 3515 ipsi
240 3435 308 3497 fere
324 3433 417 3496 nobis
432 3438 578 3495 auctores
594 3438 683 3506 sunt,
702 3437 737 3494 ut
751 3432 800 3495 vel
823 3431 998 3495 Homerica
1011 3429 1231 3512 descriptionis

167 3538 330 3603 veritatem
351 3539 417 3613 (cui
440 3545 547 3602 tamen
568 3556 680 3601 omnes
697 3538 893 3619 singularem
910 3537 1007 3599 tidem
1023 3534 1174 3598 adhihere
1195 3553 1229 3597 se

167 3646 249 3710 ultro
278 3645 484 3729 profitentur)
517 3647 550 3708 in
578 3645 727 3720 dubium,
752 3647 843 3710 sicuti
865 3643 1007 3726 Spohnio
1032 3649 1062 3703 et
1091 3640 1229 3720 Bryanti⁴

169 3751 277 3832 placet,
294 3770 491 3816 revocemus.
862 3759 866 3770 “

199 3933 377 3997 1.Cl.Spohu‚
392 3934 408 3983 l.
422 3933 440 3983 l.
453 3948 479 3997 p.
493 3937 572 3986 18-20.
587 3959 617 3970 -
627 3938 651 3983 2.
666 3933 703 3982 ct.
714 3936 774 3981 Ere.
786 3934 814 3980 B.
829 3957 856 3967 -
870 3934 893 3982 8.
907 3927 1005 3986 Wood‚¹
1017 3927 1146 3977 nescim
1157 3927 1179 3976 le
1190 3927 1229 3990 qt·

166 4006 207 4055 nie
213 4008 327 4070 original
339 4007 486 4067 dlicuom.
499 4008 565 4060 trad.
577 4009 656 4071 tranq.

198 4087 220 4132 4.
234 4084 279 4140 oui
296 4099 426 4150 nunquam
445 4099 458 4134 a
476 4085 568 4134 Graecis
588 4086 687 4149 Trojam
703 4090 803 4146 captam
820 4081 898 4132 inisse
909 4079 1042 4130 affirmavit
1055 4079 1146 4144 (Lond,
1161 4083 1227 4130 ltili.
