3046 4956
675 400 872 468 ...M-t(

225 529 389 626 ¹'ulliusque
406 562 442 612 ea
465 561 536 626 quea
553 544 659 607 vident
679 543 873 624 intelligunt,
895 543 1012 626 quippe
1031 564 1068 608 ca
1089 565 1106 608 e
1127 546 1302 630 longinquo

237 657 466 732 prospexerant
492 657 522 714 et
552 648 789 732 quodammodo
815 666 988 730 agnoscere
1011 651 1071 733 ipsi
1096 653 1301 719 arbitrantur.

237 756 358 821 Rursus
375 775 449 822 vero
466 757 582 821 Graecia
600 755 802 820 Homericam
823 754 932 838 poesin
949 756 1097 835 illustrat3
1118 777 1177 823 nec
1196 761 1304 824 nriuus

236 863 329 928 nobis
357 871 393 928 ut
420 865 598 939 Homerum
623 864 869 944 interpretemur
892 863 1045 926 Graeciam
1069 864 1211 929 invisisse
1228 885 1304 948 pro·

234 967 317 1032 derit
329 987 425 1052 quam
439 969 613 1032 Homerum
627 967 798 1050 perlegisse
812 965 931 1049 profuit
942 985 1016 1031 cum
1028 969 1179 1033 Graeciam
1190 973 1304 1036 lustra-

234 1091 355 1140 remus
373 1075 533 1157 Quidquid
551 1074 637 1138 enirn
655 1074 792 1136 occurrit
809 1073 841 1135 in
859 1074 987 1149 itinere,
1003 1075 1095 1138 nobis
1113 1077 1248 1140 ostendit
1264 1097 1302 1142 eo

235 1183 413 1262 praesertim
432 1183 466 1244 in
485 1188 551 1244 arte
573 1199 629 1244 sua
650 1181 826 1244 Homerum
849 1181 1031 1245 excelluisse
1048 1183 1149 1263 quod,
1168 1186 1303 1266 acceptis

234 1287 276 1351 ab
293 1276 362 1372 ipsa
382 1296 496 1354 natura
517 1290 692 1364 coloribus,
712 1288 781 1370 ejus
803 1307 900 1370 quam
916 1286 1003 1353 novit
1022 1289 1147 1354 Grreciae
1164 1290 1303 1372 effigiem

234 1396 391 1477 expressit
409 1396 618 1462 verissimam.
641 1395 730 1459 Unde
754 1395 844 1472 facile
866 1402 999 1477 apparet
1019 1395 1089 1460 illos
1108 1397 1148 1459 ab
1164 1397 1303 1460 Homero

197 1523 200 1526 ·
236 1501 355 1582 pariter
370 1500 531 1565 discedere
553 1507 583 1564 et
606 1502 795 1584 interpretes
819 1501 873 1582 qui
898 1501 966 1582 ejus
990 1507 1136 1584 poemata
1158 1503 1304 1568 subtilius

230 1608 405 1690 ⁴explanant
429 1615 485 1672 aut
508 1608 639 1672 liberius
658 1614 800 1682 vertunt,
819 1617 849 1670 et
872 1607 1046 1678 imitatores
1069 1608 1139 1690 qui,
1160 1609 1303 1690 neglecta

229 1717 299 1800 jam
314 1718 433 1782 Horatii
447 1718 643 1790 auctoritate,
656 1718 753 1782 verbo
766 1724 879 1780 curant
889 1718 1021 1781 verbum
1034 1719 1179 1782 reddere.
1192 1719 1304 1801 Liquet

233 1825 320 1888 enirn
343 1843 456 1907 parum
476 1825 677 1890 homericum
699 1825 766 1887 fore
783 1823 809 1886 si
827 1824 898 1906 quis
914 1825 1153 1888 homericorum
1172 1842 1302 1907 poema-

232 1937 302 1994 tum
319 1935 443 2012 pannos
463 1931 606 1995 versibus
621 1930 686 1994 suis
702 1929 852 2005 assuerit,
870 1944 943 1993 curn
961 1947 1036 1992 eum
1053 1930 1211 1994 Homerus
1224 1947 1301 1994 con·

232 2022 281 2100 tro
311 2039 474 2102 monuerit
499 2044 534 2101 ut
561 2037 698 2118 patriam
728 2041 917 2117 etatemque
946 2054 1038 2099 suam
1067 2035 1133 2099 viva
1161 2035 1302 2116 imagine

231 2142 396 2224 effingeret
420 2143 541 2207 nedum
563 2143 682 2206 alienas
705 2142 827 2206 fabulas
848 2142 1030 2206 obsoletiori
1045 2159 1193 2206 sermone
1214 2149 1301 2206 tran·

233 2250 394 2316 scriberet.
407 2250 439 2314 Si
453 2250 507 2332 qui
523 2267 645 2314 verosa
662 2248 758 2313 Iliada
773 2258 804 2313 ct
820 2249 991 2331 Odysseam
1008 2249 1047 2312 de
1062 2267 1165 2331 graeco
1182 2249 1216 2312 in
1227 2269 1300 2312 uos·

231 2365 316 2420 trum
329 2377 512 2422 sermonem
525 2372 753 2422 conversurum
768 2357 924 2440 poHicitus
942 2357 1055 2430 fuerit,
1074 2375 1114 2419 ne
1128 2357 1300 2420 minimum

231 2461 362 2545 quidem
374 2464 509 2528 verbum
527 2463 688 2546 preterire
705 2464 753 2528 vel
770 2462 950 2526 adulterare
967 2461 1077 2537 debet,
1095 2463 1216 2527 etiamsi
1232 2483 1301 2528 om—

230 2570 308 2634 nino
322 2571 431 2646 futilis,
450 2576 505 2633 aut
517 2574 680 2634 venustate
692 2569 872 2646 destitutus,
891 2569 1054 2633 autetiam
1070 2568 1237 2634 obscurior
1251 2571 1300 2634 lo-

230 2694 287 2740 cus
298 2677 451 2745 videatur.
462 2676 526 2740 Nec
537 2675 624 2740 enim
638 2675 671 2737 id
684 2675 885 2757 propositum
899 2682 945 2738 est
958 2681 994 2738 ut
1007 2693 1043 2739 eu
1056 2676 1182 2740 Gracina
1192 2683 1298 2740 retus—

229 2785 359 2849 tissimae
379 2785 502 2866 imago,
523 2783 609 2847 lulsis
633 2782 792 2846 coloribus
817 2782 908 2857 illita,
928 2787 1052 2844 nostros
1069 2781 1110 2844 ad
1124 2799 1230 2846 mores
1247 2803 1299 2846 ac-

230 2890 465 2966 commodetur,
485 2888 541 2954 sed
561 2893 597 2952 ut
619 2888 767 2968 religiose
788 2887 928 2950 restituto
954 2905 1013 2949 nos
1033 2892 1141 2968 aperte
1160 2905 1298 2969 vereque
1352 2903 1354 2908 ’

231 2996 343 3060 doceat
358 3002 389 3060 et
405 2985 498 3078 quale
515 2995 610 3058 luerit
626 2994 725 3076 ipsius
741 2991 870 3076 pictoris
887 2992 1069 3074 ingenium,
1089 2999 1119 3055 et
1137 2994 1238 3074 qualis
1260 3013 1297 3058 ea

231 3108 356 3178 natura,
373 3102 482 3186 quales
498 3101 520 3165 ii
536 3100 707 3165 hominum
722 3117 829 3162 mores
846 3118 926 3181 quos
942 3099 1103 3162 verissime
1118 3100 1297 3164 describere

230 3218 304 3276 ante
320 3212 429 3276 omnia
451 3211 608 3275 Homerus
632 3205 775 3300 studuit:
796 3209 913 3290 quippe
938 3205 1018 3270 nihil
1040 3207 1201 3288 pulchrius
1219 3208 1296 3290 fingi

230 3335 322 3398 posse
337 3315 517 3380 confidisset
534 3332 631 3397 quarn
648 3312 734 3396 quod
750 3319 806 3376 aut
822 3329 933 3376 verum
949 3318 1003 3375 aut
1019 3331 1093 3376 vero
1111 3312 1295 3394 proximum

229 3427 286 3486 est.
305 3420 406 3502 Omne
429 3420 526 3501 igitur
542 3420 678 3484 verbum
696 3437 715 3481 a
736 3419 853 3482 nostris
873 3417 1098 3498 interpretibus
1114 3419 1295 3498 neglectum

228 3533 283 3591 out
300 3532 533 3609 contemptum,
552 3544 647 3590 suum
663 3531 773 3588 tamen
790 3525 928 3606 pretium
943 3523 1054 3595 habet,
1078 3523 1141 3584 sive
1156 3522 1295 3583 homeri-

228 3629 299 3696 carn
312 3631 477 3708 Graeciam,
490 3633 554 3696 sire
565 3632 762 3695 homericam
778 3631 890 3712 poesin
904 3629 998 3710 plane
1012 3629 1136 3691 novisse
1148 3626 1292 3692 velimus.
1364 3707 1367 3712 Ι

228 3739 317 3814 Quod
340 3759 399 3806 nos
424 3741 534 3804 saltem
558 3737 698 3802 oblivisci
721 3755 788 3800 non
810 3752 981 3816 possumus
1002 3733 1056 3816 qui
1078 3733 1230 3796 Graeciam
1252 3733 1292 3796 ab

226 3847 374 3922 Homero,
395 3849 633 3928 Homerumque
651 3865 668 3908 a
686 3843 802 3907 Graecia
819 3841 994 3905 didicimus.

698 4083 736 4090 -ιω7
746 4082 784 4090 υ..-
795 4081 850 4089 ...ι-.-
