3046 4956
739 457 933 522 ..22-

341 601 470 664 Summo
493 601 526 661 in
550 618 638 674 saxo,
664 599 767 680 quod,
792 599 873 662 velut
894 601 1044 675 isthmus,
1061 608 1231 684 utramque
1255 603 1368 667 insulae

300 715 424 788 partem
437 707 553 789 J‘ungit,
569 706 701 768 minime
720 705 956 769 contemnenda
980 706 1088 788 oppidi
1109 705 1226 772 rudera
1249 707 1367 773 Gellius

300 811 436 889 invenit,
465 812 550 895 quod
576 811 644 876 sine
665 810 762 875 dubio
778 811 970 874 hellanicum
993 818 1024 874 et
1044 812 1129 877 idem
1150 819 1366 896 pervetustum

255 941 258 952 ·
303 923 361 982 est.
369 919 449 982 Cum
459 923 522 980 tota
536 917 570 980 in
580 916 684 982 insula
692 917 787 980 nullae
802 918 963 999 supersint
977 918 1079 982 ruinae
1093 919 1167 983 satis
1182 920 1286 1002 dignae
1296 939 1376 1002 quaet

303 1041 381 1086 cum
397 1021 505 1086 isthmi
522 1022 624 1085 muris
647 1021 998 1104 comparentur,facile
1014 1022 1089 1087 inde
1111 1024 1231 1089 inferre
1249 1025 1367 1090 Gellius

302 1129 404 1211 potuit
421 1147 454 1192 se
470 1130 673 1193 Homericam
680 1129 838 1192 invenisse
852 1129 965 1192 urbem
980 1149 987 1192 :
1003 1130 1069 1192 imo
1082 1131 1366 1208 urbeminlittore,

304 1253 412 1300 arcem
425 1237 459 1297 in
473 1236 564 1310 collo,
584 1253 712 1299 summo
727 1236 762 1298 iu
776 1236 940 1299 cacumine
949 1236 1050 1318 ipsam
1062 1237 1181 1318 Ulyssis
1193 1238 1369 1303 domumse

305 1339 419 1422 vidisse
434 1341 494 1404 sihi
513 1342 614 1408 finxit.
640 1341 732 1419 Inde,
751 1343 828 1407 tanti
845 1343 1001 1406 momenti
1014 1344 1194 1408 testimonio
1209 1346 1367 1422 confisus,

304 1466 454 1524 murum,
470 1449 610 1530 primam
624 1456 655 1512 et
669 1449 837 1513 interiores
847 1445 947 1524 aulas,
966 1450 1073 1532 ipsum
1087 1443 1198 1527 limen,
1222 1469 1370 1516 caenaeu·

304 1555 384 1630 lum,
395 1558 571 1620 armarium
581 1559 819 1639 Penelopesque
834 1557 1011 1620 thalamum
1022 1560 1071 1621 vel
1083 1558 1118 1622 iu
1125 1557 1233 1622 tabula
1244 1559 1370 1623 curiose

306 1667 338 1723 et
358 1662 491 1725 solerter
507 1662 682 1744 composita
699 1662 859 1725 delineare
876 1662 1110 1726 Schreiberius¹
1130 1663 1369 1730 nondubitavit.

305 1766 365 1829 Ubi
381 1786 456 1831 vero
473 1767 563 1832 aereis
580 1767 700 1850 aliquot
724 1767 758 1832 in
774 1768 1039 1844 numismatibus,
1057 1768 1101 1832 ihi
1117 1768 1261 1850 repertis,
1280 1769 1372 1851 Ulysa

306 1875 349 1939 sis
372 1883 468 1959 caput
493 1875 678 1958 primasque
701 1877 815 1939 Ithacae
838 1874 958 1938 litteras
981 1876 1116 1938 viatores
1139 1878 1368 1956 agnoveruut¹,

304 1980 373 2063 jam
389 2000 463 2046 nort
478 1983 525 2044 fas
544 1983 603 2045 fuit
620 1981 765 2045 dubitare
783 1981 861 2063 quin
877 1999 941 2043 una
956 1986 985 2043 et
1003 1981 1115 2044 eadem
1130 1980 1227 2044 luerit
1241 1982 1373 2046 Homeri

309 2085 340 2151 et
352 2088 442 2152 Gellii
456 2085 629 2151 ithacam
645 2105 727 2169 quo,
753 2087 884 2168 siquis,
908 2088 1022 2151 effosso
1046 2087 1132 2161 solo,
1148 2087 1268 2170 aliquid
1277 2089 1374 2152 etiam

308 2199 498 2256 consecutus
526 2200 609 2268 erat,
637 2193 689 2256 hic
718 2193 830 2268 Ithaci,
859 2191 958 2256 Neriti
986 2198 1018 2255 et
1043 2191 1215 2272 Polyotoris
1237 2193 1372 2268 fontem,

308 2299 388 2363 alius
404 2302 577 2385 Penelopes
595 2320 750 2383 gemmas,
769 2302 822 2365 ille
840 2300 1151 2365 Telemachibastam
1168 2317 1202 2362 se
1216 2299 1375 2364 invenisse

308 2405 516 2489 'gloriabatur

354 2515 516 2591 Cetemm‚
536 2515 634 2578 Gellio
649 2513 686 2576 de
703 2513 792 2576 urbis
810 2514 872 2576 situ
888 2512 951 2577 fide
966 2511 1118 2591 adhibita,
1129 2533 1235 2598 neque
1252 2533 1311 2597 ego
1325 2513 1375 2576 iu-

309 2621 393 2686 fitiar
415 2629 485 2686 tum
506 2621 699 2698 (dummodo
724 2640 763 2684 ex
784 2621 993 2704 Cephallenia
1019 2624 1247 2704 promontoriis
1271 2643 1374 2688 unum

311 2729 446 2794 electum
482 2730 578 2793 luerit
612 2727 698 2811 quod
732 2747 791 2811 pro
826 2728 928 2792 insula
966 2728 1121 2792 habeatur
1150 2729 1376 2812 Asteridosque

310 2837 444 2918 accipiat
475 2841 613 2912 nomen)
642 2836 716 2899 satis
745 2835 872 2898 facilem
902 2853 971 2898 esse
1005 2835 1235 2918 cujuscumque
1265 2837 1379 2900 home·

311 2939 368 3007 rici
394 2943 433 3006 de
466 2941 645 3007 Telemachi
678 2949 731 3006 aut
763 2941 879 3024 ulyssis
902 2939 1070 3006 itineribus
1101 2940 1163 3004 loci
1188 2941 1376 3024 interpreta-

310 3050 441 3115 tionem.

350 3156 384 3219 ld
399 3174 473 3219 vero
490 3174 557 3220 non
582 3155 654 3218 satis
677 3162 736 3219 est.
761 3156 871 3237 Neque
897 3174 1066 3220 murorum
1090 3154 1194 3236 figura
1213 3173 1271 3236 pro
1290 3161 1377 3218 certo

313 3268 502 3344 argumento
519 3261 729 3343 proponenda
747 3268 804 3337 est,
823 3280 897 3325 curu
910 3261 984 3324 satis
999 3261 1209 3324 constettnon
1219 3261 1318 3324 semel
1327 3278 1379 3326 ac·

346 3440 368 3486 t.
386 3437 415 3484 ln
430 3433 494 3484 libro
506 3440 592 3484 tamen
605 3435 795 3486 accuratissime
816 3433 971 3499 composito;
991 3449 1039 3484 neo
1060 3435 1130 3486 aliud
1148 3435 1245 3486 auctori
1263 3437 1380 3487 defuerat

312 3525 388 3578 quam
400 3511 470 3561 locos
482 3509 566 3576 ipsum
576 3510 701 3560 invisisse.
716 3514 745 3559 V.
757 3525 812 3576 cap.
827 3525 853 3560 ιν
867 3511 1071 3576 :Besobreibuop
1083 3514 1125 3562 des
1134 3513 1233 3563 Houaes
1245 3514 1288 3562 det
1300 3512 1380 3576 Odys·

312 3601 376 3637 teus.
392 3587 430 3636 Ci.
442 3586 614 3646 Lechevalier‚
627 3585 666 3636 Ul.
678 3588 763 3646 Hom,
774 3588 809 3650 pl.
824 3588 852 3634 V.

344 3665 368 3713 2.
386 3662 423 3712 Cf.
436 3662 540 3721 Eckhel,
553 3664 639 3713 Doctr.
652 3675 749 3723 suumin.
760 3668 820 3720 vet,
834 3663 904 3719 1794,
919 3661 970 3711 vol.
985 3663 1015 3719 II,
1029 3677 1055 3726 p.
1065 3665 1126 3721 illm
1142 3661 1206 3720 Geli,
1217 3677 1239 3713 s.
1250 3664 1294 3720 49;
1306 3663 1335 3710 P.
1345 3660 1379 3711 de

312 3741 410 3796 Bosset‚
421 3739 549 3789 Essoisar
562 3738 596 3788 les
609 3738 674 3788 med.
684 3745 737 3787 ant.
752 3738 793 3786 des
805 3737 851 3786 tter
866 3738 895 3786 de
906 3738 1022 3800 Cepltotl.
1036 3744 1060 3786 et
1073 3737 1163 3800 (ΗΜ,
1175 3737 1295 3795 Londres,
1308 3739 1379 3794 1815,

313 3827 338 3876 p.
350 3817 392 3871 am
408 3813 548 3873 Schreiber,
560 3828 586 3878 p.
602 3815 679 3865 toth.
691 3816 744 3876 Ego
761 3825 864 3876 quoque
877 3811 979 3870 Ithaca,
993 3813 1037 3862 sed
1048 3812 1075 3862 in
1084 3811 1274 3877 septentrionali
1289 3811 1381 3861 insulae

313 3893 385 3952 parte
397 3889 441 3953 (ci.
464 3891 561 3950 Bosset,
586 3905 611 3955 p.
636 3895 683 3952 ttt,
701 3903 835 3940 nummum
853 3887 936 3940 iuveni
961 3888 1059 3953 Ulyssis
1072 3895 1098 3939 et
1109 3887 1220 3940 Palladis
1235 3887 1317 3952 capite
1334 3885 1382 3935 im·

314 3977 439 4028 pressum.

347 4045 370 4092 3.
388 4040 531 4092 Praesertim
540 4055 570 4092 ex
580 4055 630 4106 quo
641 4041 668 4092 in
677 4043 767 4107 Lyceo
782 4045 868 4090 monta
880 4038 974 4092 inventi
985 4046 1045 4093 sunt
1053 4039 1130 4091 rudes
1141 4044 1168 4090 et
1178 4037 1331 4106 multianguli
1346 4038 1382 4088 la-

316 4111 388 4176 pides
396 4113 524 4177 lapidibus
534 4115 692 4180 orthogoniis
698 4113 894 4180 superimpositi.

295 4922 308 4925 -
369 4614 1005 4930 ΓΜ
