3046 4956
621 1011 781 1094 uirus
831 1012 1043 1092 PRIMUM.

401 1275 495 1320 curiit
516 1273 554 1320 1>ss
576 1275 686 1326 lusum
708 1275 771 1322 Sl'l'U
793 1275 892 1322 OPINIO
912 1273 1062 1326 intrusus
1082 1275 1263 1325 voemmuiuu

735 1379 925 1430 nuruumruu.

284 1633 290 1654 ι
315 1603 370 1658 Ι,1.
393 1594 482 1668 Quod
499 1594 539 1658 ad
554 1593 696 1658 Ithacam
710 1595 829 1670 attinet,
846 1593 1006 1658 minorem
1032 1595 1123 1660 solito
1143 1596 1363 1661 auctoritatem

283 1703 473 1767 ‘itoeikerius
491 1701 669 1766 testimonio
684 1717 742 1766 suo
759 1701 882 1766 dedisse
896 1701 1029 1777 videtur,
1049 1701 1102 1782 qui
1120 1701 1231 1765 insule
1247 1709 1364 1768 nostru

282 1811 393 1874 ‘situm
413 1817 537 1872 mutere
554 1808 793 1890 quodammodo
813 1815 941 1872 coactus
957 1809 1015 1870 iuit
1033 1825 1125 1888 :quoe
1142 1807 1269 1870 sienim
1289 1827 1363 1873 vera

286 1936 356 1981 rsua
373 1916 412 1980 de
430 1915 503 1980 sede
520 1933 586 1978 non
602 1919 764 1992 cessisset,
789 1916 1012 1982 infirmaretur
1025 1916 1156 1978 omnino
1173 1915 1296 1978 subtilis
1310 1915 1364 1979 iiio

301 2021 340 2086 de
358 2022 479 2084 mundo
496 2020 664 2083 Homerico
688 2019 834 2084 doctrine
851 2020 941 2101 cujus
960 2039 992 2083 se
1009 2025 1173 2083 auctorem
1188 2020 1364 2085 Voeikerius
1383 2017 1390 2036 ⁸

300 2128 475 2210 profitetur.
494 2125 596 2191 Dubio
614 2145 689 2190 vero
713 2126 857 2192 doctrine
876 2128 928 2192 hic
950 2127 1035 2191 mihi
1046 2145 1141 2210 prave
1161 2127 1284 2192 videtur
1305 2129 1362 2192 uti.

340 2234 446 2297 Unum
470 2231 650 2314 subjudice
668 2239 714 2297 est
728 2233 864 2296 verbum
882 2231 979 2315 quod,
1004 2233 1114 2297 Vossio
1131 2239 1219 2310 teste,
1240 2240 1365 2316 septen-

299 2339 430 2414 triones,
448 2357 597 2403 occasum
609 2345 781 2416 veronese
797 2336 1105 2414 Voeikerio,indicot¹
1121 2357 1127 2402 :
1144 2327 1229 2402 unde
1246 2339 1362 2402 obscu—

299 2445 366 2509 rior
382 2445 475 2508 etiem
492 2447 526 2508 iit
542 2447 629 2509 locus
645 2446 697 2509 iiie
714 2441 907 2529 perdifficilis
924 2445 958 2508 in
975 2463 1038 2526 quo
1054 2445 1178 2527 Ulysses
1195 2445 1363 2510 Alcinoum

300 2551 391 2616 docet
406 2552 463 2615 ubi
476 2572 533 2616 sua
547 2554 651 2617 Ithaca
668 2553 702 2616 in
727 2554 810 2616 mari
833 2560 863 2616 et
887 2552 946 2615 sub
971 2553 1049 2616 coelo
1070 2553 1128 2616 sita
1152 2553 1202 2616 sit.
1218 2553 1363 2617 Aliorum

296 2659 365 2742 jem
382 2661 489 2723 multis
502 2660 816 2742 interpretationibus
831 2679 939 2724 meam
957 2679 1085 2743 quoque
1101 2660 1217 2725 eddam
1234 2679 1362 2726 necesse

300 2771 358 2839 est,
378 2764 432 2846 qui
449 2765 528 2829 mihi
548 2765 701 2847 proposui
715 2765 882 2830 insuiema
896 2765 994 2830 Gellio
1011 2773 1169 2856 repertem
1192 2785 1364 2848 recognos-

256 2896 263 2971 ξ
299 2893 382 2951 cere,
398 2875 564 2958 potiusque
576 2876 713 2958 probare
726 2894 796 2939 cem
813 2876 853 2939 ab
862 2876 1001 2939 Homero
1011 2874 1053 2938 ite
1068 2876 1256 2958 descriptam
1267 2877 1362 2942 fuisse

255 2988 264 3045 t
298 2987 333 3044 ut
344 2983 478 3065 reperiri
492 2983 640 3065 potuerit,
659 3002 718 3047 nec
734 2982 848 3047 dehent
864 2982 1010 3063 mythicis
1034 2983 1126 3046 terris
1142 2983 1360 3046 annumerari.

340 3085 371 3148 Si
387 3086 551 3165 vulgarem
577 3084 872 3165 interpretationem
891 3084 1067 3165 sequimur,
1087 3082 1257 3172 respondet
1265 3083 1364 3164 'Ulys-

299 3206 349 3252 ses
366 3190 517 3254 Alcinoo²
532 3209 565 3254 se
596 3189 762 3253 «incolere
778 3191 916 3254 insulam
939 3193 1001 3252 tote
1022 3196 1221 3272 conspicuam,
1248 3189 1280 3252 in
1299 3207 1363 3271 qua

299 3311 393 3358 mons
421 3297 523 3378 surgit
551 3313 760 3371 nemorosus,
789 3298 924 3366 arctoum
954 3296 1075 3359 circum
1109 3305 1216 3359 eutem
1250 3295 1362 3360 insuiae

331 3493 352 3537 1.
365 3485 474 3546 Voelker,
487 3499 511 3537 c.
523 3500 554 3536 11.

330 3567 353 3614 2.
367 3563 425 3622 Ort..
438 3564 479 3623 ix,
492 3566 580 3614 21-16ε

469 3661 583 3712 Ναιετάω
594 3661 615 3709 δ’
626 3661 723 3720 Ἰθάνην
736 3661 855 3712 ιθδείελον
870 3675 877 3690 ·
890 3663 915 3712 ἐν
926 3663 947 3711 δ’
955 3663 1012 3724 opo<
1024 3665 1101 3724 αὐτῇ,

437 3737 543 3798 Νήριτον
555 3736 733 3799 εἰνοσίφυλλον,
745 3737 876 3802 ἀριπρεπές
886 3750 893 3765 ·
903 3737 963 3802 ἀμφὶ
978 3737 1004 3787 δὲ
1016 3743 1088 3797 νῆσοι

437 3813 534 3863 Πολλαὶ
546 3813 690 3864 ναιετάουσι
701 3813 767 3876 μάλα
778 3813 864 3876 σχεδὸν
879 3815 1019 3876 ἀλλήλῃσιν,

436 3889 564 3954 Δουλίχιόν
576 3906 603 3939 τε
616 3890 684 3954 Σάμη
697 3905 724 3938 τε
736 3890 779 3939 nui
790 3891 899 3947 ὑλήεσσα
912 3889 1035 3945 Ζάκυνθος
1047 3905 1052 3914 ·

439 3965 506 4024 Αὐτὴ
517 3965 544 4016 δὲ
555 3965 667 4030 χθαμαλὴ
680 3965 855 4029 πανυπερτάτη
869 3966 902 4016 εἰν
915 3965 954 4014 ἁλὶ
964 3972 1042 4015 κεῖται

438 4041 503 4106 Πρὸς
516 4043 587 4104 ζόφον
597 4067 625 4078 -
634 4045 658 4090 αλ
670 4043 695 4090 δέ
707 4043 728 4090 τ’
737 4043 820 4093 ἄνευθε
832 4042 894 4104 πρὸς
907 4041 959 4091 Ἠῶ
970 4043 991 4092 τ’
1003 4043 1096 4094 Ἠέλιόν
1109 4059 1143 4094 τι.

254 4696 595 4924 1¹
