3046 4956
165 539 292 602 lurenii
311 539 454 619 argutiae,
469 538 522 618 qui
535 537 617 601 arcis
634 539 668 602 iu
684 536 782 612 urbe,
798 543 853 600 aut
867 535 966 618 ipsius
985 537 1073 600 urbis
1095 538 1129 602 in
1151 557 1229 620 agro

165 645 304 726 'lrojono
324 643 419 706 situm
437 642 702 708 commutandum
723 659 791 708 esse
813 648 960 717 censent,
987 642 1063 724 quia
1087 660 1126 706 ex
1147 647 1228 708 turri

165 753 315 832 Scaeaque
343 755 435 832 porta
457 767 559 831 usque
584 749 624 816 ad
645 748 886 815 Andromaches
906 747 1040 816 domum
1055 767 1229 833 personare

165 855 302 924 Hecubae
315 855 500 939 ejulationes
510 858 531 929 ¹,
543 862 598 923 aut
613 856 734 938 Jupiter
748 874 787 920 ex
800 855 854 920 lde
877 873 948 937 quae
959 862 1094 943 agantur
1107 852 1230 941 prospi-

162 963 618 1041 cere¹,aut1lelenaAchivum
635 962 933 1030 ducesemoenibus
946 979 1119 1045 agnoscere
1140 964 1230 1029 aliter

163 1088 232 1140 non
247 1069 441 1152 potuissent⁸
457 1087 464 1132 :
484 1069 574 1151 quasi
588 1069 669 1133 veris
683 1068 845 1134 simillima
858 1085 927 1132 esse
944 1067 1081 1135 debeant
1101 1086 1172 1150 que
1187 1069 1229 1134 ab

161 1177 339 1244 Homericis
350 1176 512 1253 heroibus,
531 1177 597 1242 imo
612 1195 630 1239 a
648 1176 723 1251 diis,
742 1177 814 1242 ficto
835 1176 870 1241 in
886 1183 1043 1259 poemate,
1068 1177 1227 1258 aguntur!

163 1280 227 1346 Res
242 1289 436 1365 contraque
453 1289 609 1366 geruntur
630 1283 788 1348 Homerus
805 1282 906 1364 tingit,
924 1283 1010 1347 locos
1026 1299 1102 1356 rero
1129 1282 1231 1364 pingit

163 1388 220 1452 ubi
237 1395 407 1470 geruntur,
426 1391 549 1472 quoties
565 1407 620 1454 eos
633 1389 760 1455 novisse
777 1388 936 1454 audiendo
959 1395 1015 1454 aut
1040 1387 1154 1452 vidisse
1175 1406 1231 1470 po·

164 1493 242 1570 tuit;
260 1512 365 1576 neque
380 1513 438 1576 ego
454 1495 493 1558 de
510 1496 646 1577 Trojano
660 1513 750 1577 agro,
771 1501 980 1577 quaecumque
997 1493 1060 1559 siut
1072 1492 1121 1556 vel
1134 1492 1232 1562 bisto-

163 1599 230 1666 n‘oa
245 1599 299 1664 illa
315 1601 493 1665 testimonia
506 1619 577 1682 quae
593 1619 659 1682 prm
675 1620 709 1664 se
729 1601 1035 1684 geograpbiierunt,
1056 1598 1231 1681 quidquam

162 1708 250 1772 aliud
267 1707 453 1775 admiserim
475 1709 561 1790 quod
582 1710 622 1774 sit
647 1716 740 1774 certa
767 1709 842 1772 fidei
865 1715 896 1772 et
919 1708 958 1772 ad
974 1708 1142 1774 historiam
1157 1725 1231 1774 vere

162 1814 341 1895 pertineat,
367 1814 427 1877 nisi
447 1831 518 1896 quae
541 1814 582 1878 ab
607 1815 747 1878 Homero
773 1814 875 1878 ridde
897 1831 1053 1896 expressae
1076 1814 1231 1896 imagines

159 1919 265 1984 oculis
281 1920 376 1984 etiam
392 1920 547 1984 viatorum
562 1919 783 1998 obversantur,
802 1928 834 1985 et
851 1938 916 1995 eos,
935 1921 1027 2004 quasi
1044 1934 1144 1984 manu
1160 1936 1232 2004 pre·

161 2027 292 2101 bensos,
312 2027 371 2090 iter
387 2045 481 2092 suum
499 2028 625 2093 docent.

200 2133 360 2218 Quidquid
378 2134 474 2212 igitur
491 2134 613 2216 puerile
624 2141 655 2198 et
667 2133 924 2200 commentitium
941 2135 1123 2217 exposuerit
1134 2135 1229 2204 cuci-

161 2238 251 2314 seul,
271 2239 326 2322 qui
342 2257 428 2307 nunc
447 2247 535 2306 trans
561 2241 711 2306 Rhenum
738 2241 834 2304 nimis
858 2241 1103 2315 contemnitur⁴,
1131 2241 1231 2306 inter-

162 2361 238 2426 pres
253 2349 361 2412 tamen
375 2345 505 2410 Homeri
519 2364 592 2412 vere
608 2346 817 2422 HomericuS,
836 2354 871 2412 ut
887 2348 930 2412 ita
948 2347 1062 2422 dicam,
1080 2349 1157 2426 luit,
1176 2350 1231 2432 qui

159 2474 253 2532 cm,
275 2456 336 2520 boc
359 2457 393 2524 in
409 2475 523 2540 eampo
546 2458 600 2539 qui
627 2458 668 2522 ab
692 2457 753 2522 ldae
779 2458 938 2524 radicibus
958 2459 998 2523 ad
1021 2459 1113 2542 Sigaei
1127 2459 1231 2526 littora

162 2569 263 2644 patet,
280 2564 314 2626 lli
329 2565 500 2641 tumulum,
520 2565 704 2634 Scamandri
722 2567 836 2644 fontes,
853 2566 996 2649 ejusdem
1014 2573 1044 2631 et
1061 2566 1231 2635 Simoentis

160 2689 310 2746 cursum,
336 2670 442 2753 ipsum
466 2673 604 2755 denique
625 2674 716 2737 llium
734 2672 901 2755 diiigenter
916 2673 1102 2755 indagaret,
1121 2674 1229 2736 oculo-

160 2797 238 2842 rum
260 2779 364 2860 polius
390 2797 487 2861 quom
503 2781 661 2844 librorum
682 2781 860 2844 testimonio
876 2780 1023 2858 credidit;
1042 2787 1228 2862 constatque

114 2942 117 2954 .
161 2904 323 2968 nusquam
339 2887 373 2949 in
390 2887 583 2970 Hellesponti
605 2887 763 2950 littoribus
782 2888 958 2961 tumulum,
983 2887 1082 2962 rivos,
1108 2887 1226 2962 fontes,

119 2961 129 3119 i
160 2992 275 3056 collem
298 2992 436 3074 denique
457 3010 627 3056 occurrere
647 2991 702 3074 qui
716 2991 830 3054 melius
842 2990 928 3054 bisce
943 3009 962 3054 a
975 2997 1085 3054 nostro
1099 2997 1228 3056 auctore

123 3126 131 3212 I
160 3099 326 3180 descriptis
341 3099 441 3162 lliacae
458 3098 580 3180 regioni
593 3098 818 3181 respondeant,
840 3097 942 3178 qualis
960 3115 997 3159 ex
1010 3097 1141 3160 Homeri
1156 3114 1227 3162 ver-

121 3219 144 3314 Ι4
161 3204 248 3268 sibus
262 3204 447 3268 adumbrari
462 3211 573 3287 potest.

199 3318 230 3376 6.
260 3313 292 3376 Si
320 3332 406 3377 nune
431 3312 472 3376 ad
506 3315 609 3395 ipsam
640 3312 793 3376 Graeciam
817 3313 1001 3388 redeamus,
1024 3313 1069 3392 id
1101 3331 1229 3397 quoque

158 3418 249 3496 orep
273 3420 503 3504 perspiciemus
525 3420 633 3486 omnia
655 3419 689 3482 in
709 3420 877 3486 Homerica
897 3418 1092 3504 geographia
1113 3418 1225 3494 dubia,

162 3525 318 3604 obseura,
350 3545 465 3608 pamm
489 3528 549 3591 sibi
574 3534 807 3604 consentanea,
837 3527 951 3610 saepius
974 3528 1069 3590 etiam
1095 3525 1227 3589 omnino

144 3613 147 3620 ’
162 3631 248 3704 falsa,
265 3639 301 3695 ut
314 3633 464 3716 oportuit,
476 3651 560 3711 esse;
577 3633 631 3698 scd
648 3633 815 3716 imagines,
828 3634 945 3716 quibus
958 3634 1044 3695 locos
1060 3630 1171 3713 pingit,
1185 3630 1228 3693 ita

139 3781 142 3808 ,
163 3755 251 3802 ueras
265 3744 296 3802 et
310 3735 430 3814 lucidas
444 3759 512 3807 esse
527 3746 562 3804 ut
578 3740 622 3804 illi
637 3757 873 3822 nonnunquam
888 3759 928 3804 er
941 3737 1052 3803 fusiori
1064 3736 1228 3804 Pausania

143 3883 144 3890 ἵ
196 3926 215 3968 t.
235 3920 327 3984 Spobn,
341 3921 359 3970 l.
372 3921 400 3978 l..
413 3936 438 3985 p.
452 3925 490 3973 28.
504 3947 534 3959 -
548 3927 572 3972 2.
585 3921 713 3986 llorbiger,
729 3938 749 3972 s.
763 3936 787 3971 v.
803 3923 948 3982 Troos-t.
961 3920 1114 3977 Hae-Laron,
1127 3920 1226 3983 magn.

163 3994 261 4045 Webbii
273 3995 336 4046 libro
348 3996 474 4060 adjuncta,
488 3997 567 4058 Paris,
582 4000 649 4059 tabl,
660 4013 685 4063 p.
709 4003 760 4051 tao.
774 4025 803 4036 -·
816 4000 839 4048 t.
853 3995 914 4045 Vide
927 3993 1054 4060 Forbiger,
1066 4010 1087 4045 s,
1099 4009 1123 4046 r.
1139 3997 1230 4053 lions,

163 4071 360 4135 Hammonium
372 4071 440 4121 laud.
