3046 4956
579 421 773 492 ,45-

145 579 206 637 -6,
237 571 283 634 ld·
298 587 337 634 cx
363 568 500 632 Seberiae
525 567 735 650 descriptione
758 568 935 650 prasertim
960 567 1079 649 liquet,
1102 585 1200 649 quam

135 673 243 738 dubiis
267 673 344 756 ipsis
365 673 400 736 in
421 671 540 734 finibus
561 672 731 770 Homerus=
744 672 850 754 posuit
873 671 929 736 ubi
951 678 1061 735 nostro
1083 671 1153 750 orbi
1173 670 1200 732 is

133 783 214 844 alter
229 780 353 862 adjacet
370 781 584 860 misceturque
598 778 768 860 aliquando
786 777 925 842 mundus
942 796 1037 860 quem
1054 797 1094 840 ex
1108 777 1200 842 fabu-

134 888 173 952 lis
188 888 350 951 novimus.
374 883 451 948 lude
475 903 549 947 vero
573 903 644 948 eam
670 885 836 947 extrahere
862 885 953 946 multi
978 885 1146 948 volucrunt
1165 891 1204 948 ut

135 1013 269 1076 prorsus
285 993 428 1056 alterutri
441 991 686 1054 adscriberetur.
706 992 815 1072 Neque
834 991 920 1054 euim
937 990 1052 1054 desunt
1065 991 1200 1054 viatores

136 1102 209 1183 qui,
229 1101 399 1163 Phaeacum
415 1099 554 1161 insulam
569 1116 637 1160 non
653 1117 744 1162 secus
759 1104 854 1178 atque
870 1097 1008 1160 ithacam
1025 1115 1058 1160 se
1077 1098 1201 1182 novisse

134 1206 294 1280 arbitrati,
311 1211 425 1269 cuncta
439 1211 612 1284 agnoscant
634 1210 666 1266 et
687 1203 871 1283 designent,
894 1203 1063 1267 Nausicaes
1086 1204 1202 1268 scilicet

136 1311 286 1386 fluvium,
309 1311 448 1386 lavacra,
468 1316 600 1392 portus,
625 1310 748 1374 Alcinoi
772 1311 896 1385 hortos,
920 1309 1201 1393 deficientibusque

82 1427 84 1435 ’
135 1418 292 1498 vestigiis,
311 1417 407 1481 situm
424 1418 534 1480 saltem
558 1415 642 1478 illius
660 1416 767 1497 palatii
780 1416 866 1498 quod
881 1417 1024 1497 argentei
1041 1424 1071 1482 et
1093 1417 1199 1494 aurei,

135 1525 194 1586 vivi
210 1532 334 1599 tamen,
353 1526 459 1586 canes¹
483 1521 713 1585 custodiebant.
732 1522 925 1586 Audaciores
941 1530 1051 1586 contra
1066 1541 1201 1606 geogra-

135 1632 190 1712 phi
208 1631 283 1710 qui,
299 1642 336 1694 ut
358 1648 457 1711 supra
474 1629 591 1692 dictum
609 1635 671 1704 est,
693 1628 831 1691 ithacam
850 1627 890 1690 ab
907 1628 1029 1690 oriente
1051 1627 1092 1692 ad
1113 1647 1203 1694 occa-

135 1755 208 1798 sum
237 1737 448 1809 transferunt,
482 1736 665 1815 Hyperecm²
688 1750 832 1815 quoque,
862 1733 1002 1796 nominis
1028 1752 1144 1809 causa,
1170 1744 1201 1798 et

135 1842 310 1920 Scheriam‚
328 1845 479 1925 Hypereae
492 1841 664 1916 coloniam,
680 1842 763 1904 ultra
778 1849 896 1904 terram
910 1859 1008 1922 quam
1019 1842 1198 1917 incolimus,

135 1948 168 2010 in
183 1947 342 2010 fabulosas
356 1949 505 2027 regiones
519 1947 648 2009 mittunt
659 1965 667 2009 :
678 1947 796 2010 scilicet
809 1952 844 2009 ut
857 1948 993 2010 Platonis
1008 1947 1198 2012 Atlantidem

134 2062 187 2118 aut
201 2055 370 2118 beatorum
380 2054 519 2116 insulam
529 2072 548 2116 a
559 2052 696 2116 Pindaro
706 2060 917 2116 memoratam
927 2062 958 2117 et
967 2055 1019 2119 illa
1029 2063 1198 2138 sequatur;

136 2161 199 2223 imo
214 2167 250 2223 ut
266 2161 301 2222 in
314 2158 439 2223 fallaces
451 2177 583 2240 poeseos
593 2160 848 2240 septentrionalis
864 2160 1014 2237 nebulas,
1027 2163 1200 2228 Woellrerio

136 2267 242 2343 duee,
258 2273 433 2340 evanescat,
449 2265 653 2348 potiusquam
668 2285 702 2328 se
718 2267 865 2330 eamdem
879 2267 1014 2334 fateatur
1029 2272 1199 2351 Corcyram

136 2378 314 2456 essequam
333 2359 498 2454 descripsit
514 2372 723 2454 Thucydides.
739 2373 802 2436 Nos
812 2391 885 2438 vero
902 2374 1028 2452 iterum,
1046 2377 1079 2438 in
1095 2377 1200 2441 medio

136 2482 242 2564 positi,
275 2499 346 2563 quae
377 2481 507 2544 Scheria
536 2481 700 2544 homerica
732 2480 828 2544 fuerit
861 2500 899 2546 ex
927 2483 1065 2547 Homero
1094 2485 1201 2567 paucis

137 2588 354 2666 ostendamus.

173 2694 263 2758 Haud
286 2691 420 2756 dubium
438 2700 484 2756 est
503 2693 586 2758 hanc
605 2694 753 2758 tellurem
776 2694 808 2757 in
829 2694 966 2776 Odyssea
986 2697 1084 2760 nimia
1102 2705 1133 2762 et
1148 2699 1197 2763 in·

137 2799 277 2864 credibili
296 2797 435 2880 quadam
456 2799 690 2881 pulchritudine
715 2807 901 2864 exornatam
927 2821 945 2864 a
971 2809 1064 2885 poeta
1087 2805 1199 2877 luisse,

138 2907 251 2988 quippe
274 2923 345 2985 quae
368 2905 490 2968 hiemes
513 2903 700 2968 infecundas
723 2905 851 2968 nesciat.
868 2907 932 2969 Nec
946 2907 1087 2982 Sidonis
1110 2911 1201 2990 cujus

138 3011 308 3076 amicitiam
324 3009 471 3073 Phaeaces
487 3010 629 3084 coluere,
647 3009 845 3072 suffecissent
858 3027 935 3090 opes
950 3017 981 3072 et
996 3010 1149 3075 industria
1167 3022 1202 3077 ut

138 3118 204 3181 illas
225 3117 309 3180 aedes
330 3118 503 3193 conderent
523 3115 793 3198 splendidissimas
813 3115 847 3177 in
869 3115 983 3196 quibus
1004 3116 1063 3192 (vel
1079 3118 1105 3180 si
1122 3118 1202 3182 divi·

139 3225 227 3288 niora
250 3223 383 3314 Vulcani
406 3242 505 3306 opera
529 3221 681 3295 omisero)
704 3223 778 3285 aerei
805 3223 939 3304 parietes
965 3241 1065 3304 cyano
1088 3225 1204 3290 indue-

139 3329 266 3404 bantur,
281 3330 423 3409 argcntei
440 3335 545 3411 postes
558 3329 643 3392 fores
657 3346 769 3392 aureas
785 3328 992 3404 sustinebant,
1011 3331 1100 3394 aurei
1115 3332 1204 3396 deni·
1268 3316 1270 3320 ’

140 3456 200 3518 que
214 3439 357 3520 juvenes,
375 3437 539 3519 lampadas
553 3439 587 3500 in
601 3439 760 3500 moenibus
776 3445 930 3512 tenentes,
950 3439 1087 3501 conaris
1104 3446 1202 3502 totam

139 3563 196 3626 per
211 3551 340 3608 noctem
352 3546 458 3608 lucem
471 3544 614 3608 dabantt.
633 3546 773 3608 Deorum
790 3545 1019 3608 immortalium
1034 3544 1202 3606 ambrosiae

139 3652 187 3716 vix
217 3651 394 3738 inviderent
422 3653 545 3715 Alcinoi
576 3671 694 3715 mensae
723 3671 730 3714 :
760 3653 904 3714 Pbaeaces
940 3668 1056 3731 nempe
1089 3650 1202 3713 ceteris

173 3929 194 3970 t.
212 3923 391 3978 vt1,9t-t.-
403 3926 428 3971 2.
445 3923 487 3978 Vl,
499 3923 523 3970 t.
533 3947 563 3958 ·-
573 3926 594 3972 3.
614 3921 660 3970 Die
671 3918 849 3968 llomerlschen
860 3917 988 3968 Pbaaltett
999 3920 1055 3968 aad
1065 3920 1108 3970 die
1118 3918 1203 3970 faselo

141 3995 183 4044 der
196 3995 296 4058 Seiipen
314 3995 412 4054 {Ktoina
423 3994 565 4068 Schriften,v
579 3999 614 4044 2⁰
628 3993 711 4052 rheu,
721 3996 801 4050 Bona,
814 3995 891 4055 rats).
902 4021 930 4028 -
941 3999 963 4043 t.
982 3994 1028 4042 Od.
1043 3997 1099 4052 vll,
1112 3997 1205 4052 llll-90.

143 4073 255 4120 roo-tot.
