3046 4956
793 457 988 530 ..34-

285 571 297 608 a

350 609 400 666 est
415 601 543 668 lorum·
563 601 770 686 popularibus
791 603 932 668 conciliis
956 603 1136 683 addictum;
1155 606 1188 670 ln
1206 607 1331 672 oliveto
1349 628 1418 684 vcro,

355 709 440 792 quod
456 709 575 773 montis
589 707 798 772 declivitatem
814 707 856 772 ad
871 709 1071 774 Euronotum
1085 713 1362 794 tegit,Ulysseam
1375 722 1417 780 sto

353 817 426 880 tisse
441 815 573 881 domum
594 815 748 897 augurari
763 814 855 880 licet:
874 833 991 898 nempe
1007 817 1060 882 hic
1083 819 1222 900 spatium
1246 837 1325 883 non
1349 821 1418 885 deest

354 941 417 1004 quo
432 923 550 988 redium
566 927 671 1004 partes
685 922 723 998 (ἐξ
739 923 834 1004 ἑτέρων
851 923 940 1005 ἕτερα)
956 942 989 988 se
1013 923 1186 1006 explicent,
1203 931 1234 989 et
1249 929 1417 1010 conspicuo

308 1037 311 1044 ’
353 1033 387 1094 in
402 1032 472 1097 loco
489 1032 609 1115 positus
620 1032 661 1095 sit
674 1030 854 1097 Telemachi
865 1032 1023 1096 thalamus
1034 1051 1042 1110 ;
1055 1032 1188 1116 aliisque
1202 1031 1416 1100 deficientibus

352 1136 492 1212 indiciis,
512 1137 648 1200 cisterna
664 1139 776 1201 saltem
798 1143 977 1220 pervetusta
994 1144 1124 1203 testatur
1146 1140 1252 1203 locum
1267 1141 1411 1226 langon

354 1251 497 1324 tempore
512 1242 692 1307 habitatum
709 1244 820 1308 fuisse.

392 1348 541 1414 Mediocri
557 1348 722 1431 interjecto
742 1349 864 1432 spatio,
884 1365 1011 1413 summa
1024 1349 1249 1414 viridariorum
1275 1353 1316 1417 in
1346 1367 1415 1439 panc

353 1473 423 1537 quae
437 1472 536 1536 aquas
552 1473 624 1518 suas
641 1455 675 1518 in
696 1454 785 1517 urbis
802 1461 931 1536 portum
948 1454 1115 1530 emittunt,
1133 1455 1285 1519 sacellum
1297 1460 1340 1524 S.
1361 1461 1416 1523 Elia

352 1561 549 1638 dedicatum,
576 1559 744 1625 arboribus
766 1561 905 1624 cinctum
919 1557 1080 1641 unquue,
1099 1560 1259 1642 Apollinei
1281 1563 1377 1642 luci,
1393 1565 1417 1628 in
1436 1629 1439 1642 ,

353 1686 415 1751 quo
438 1666 530 1732 ludos
554 1667 644 1751 proci
670 1666 890 1743 exercebant’,
920 1666 1028 1730 locum
1045 1667 1220 1732 obtinuisse
1237 1675 1368 1750 potest,
1390 1688 1416 1735 oo

350 1776 454 1857 magis
469 1775 554 1856 quod
572 1794 591 1839 a
606 1775 672 1838 sole
688 1775 809 1838 oriente
826 1774 969 1856 primum
984 1772 1171 1838 illustratur.

394 1883 489 1946 Paulo
513 1880 606 1945 altius
628 1881 744 1956 etiam,
771 1879 867 1943 stillat
886 1898 926 1946 ex
946 1897 1073 1961 magnae
1093 1886 1124 1942 et
1139 1885 1307 1962 praeruptae
1327 1891 1422 1965 petra

353 1986 458 2051 radice
475 1987 548 2049 fons
558 1983 598 2047 ad
614 1983 698 2047 hanc
712 1983 798 2046 diem
813 1985 1066 2048 reverentissime
1081 1986 1184 2050 cultus
1201 1986 1321 2059 (fontes
1339 1991 1422 2053 enim

353 2094 412 2156 hac
428 2093 462 2154 in
476 2091 589 2154 insulae
607 2096 696 2171 parte
711 2089 848 2153 rariores
861 2091 969 2170 sunt),
989 2108 1101 2173 quem,
1121 2092 1163 2156 ob
1180 2109 1298 2174 aquam
1315 2099 1423 2162 colore

354 2197 585 2271 obscuriorem,
605 2195 773 2278 limpidam
786 2203 905 2273 tamen,
915 2196 1085 2281 Μελᾶνυδρον
1102 2197 1319 2264 etiamincolae
1334 2203 1426 2268 dieti-

353 2308 430 2366 tant.
450 2302 513 2366 Nec
530 2300 613 2364 circa
626 2301 698 2364 fons
714 2301 793 2364 alius
811 2301 885 2364 satis
902 2299 1018 2383 dignus
1034 2307 1080 2364 est
1100 2302 1156 2384 qui
1174 2303 1215 2366 ab
1236 2305 1325 2368 urbis
1350 2327 1427 2373 con·

354 2411 509 2477 ditoribus
523 2409 641 2474 electus
660 2409 767 2472 fuerit.
785 2408 864 2471 Cum
882 2408 971 2490 prius
989 2408 1171 2475 desummo
1188 2431 1427 2501 saxopraeceps

355 2517 502 2592 ssueret⁸‚
528 2513 692 2596 lapideum
722 2519 865 2588 cratera,
894 2513 1046 2578 stillantes
1069 2534 1169 2598 aquas
1193 2524 1427 2602 recepturum,

354 2622 430 2705 ipsi,
454 2627 491 2685 ut
507 2619 691 2704 perhibent,
710 2624 891 2682 struxerant
914 2618 1091 2686 lthacenses
1111 2622 1244 2698 heroes,
1266 2643 1428 2710 aramque

354 2725 680 2810 insuperaddiderant
687 2724 825 2788 fontanis
836 2725 990 2807 Nymphis
1004 2735 1161 2792 sacratam
1170 2729 1190 2792 ⁸.
1208 2730 1288 2794 ilinc
1313 2731 1427 2813 viginti

310 2825 312 2830 ’
356 2836 505 2900 mulieres
519 2832 693 2914 Penelopes
706 2848 825 2913 aquam
839 2832 979 2914 quotidie
991 2833 1204 2898 hauriebant⁸
1214 2855 1223 2914 ;
1233 2836 1285 2900 hie
1296 2838 1430 2917 Ulysses

355 2963 429 3009 curn
452 2945 600 3016 Eumaeo,
621 2939 673 3002 hic
698 2937 885 3002 Melanthius
908 2939 1064 3005 bubulcus
1081 2941 1157 3019 (etsi
1180 2960 1235 3007 eos
1252 2944 1427 3026 paululum

355 3051 394 3115 de
410 3049 460 3114 via
474 3067 532 3113 sua
551 3045 710 3110 declinare
725 3044 858 3108 fortasse
883 3046 1041 3128 oportuit)
1067 3065 1156 3111 sacra
1172 3047 1211 3111 de
1227 3067 1319 3112 more
1335 3049 1428 3115 lece-

355 3157 458 3221 runt⁸.
484 3156 556 3218 Non
577 3152 714 3216 scultro
737 3153 913 3218 extendisse
930 3155 1045 3220 urbem
1067 3154 1235 3218 verisimile
1252 3161 1316 3228 cst,
1344 3173 1427 3222 curn

356 3260 544 3324 ltheithrum
558 3262 678 3322 constet
693 3275 762 3321 esse
778 3257 818 3322 ab
836 3260 1074 3344 urhe‘longius,
1090 3261 1124 3323 in
1135 3277 1213 3339 agro
1230 3276 1238 3320 t
1258 3274 1321 3336 quo
1339 3258 1430 3327 diffi-

356 3366 446 3432 cilior
461 3372 493 3431 et
507 3365 643 3447 abrupta
658 3362 742 3427 ducit
755 3365 816 3429 via.

389 3646 410 3696 l.
424 3645 456 3700 11,
470 3641 563 3691 l.·-2.
577 3641 628 3698 XX,
641 3641 697 3690 tta.

529 3758 613 3816 Ἇλσος
624 3760 673 3809 ὕπο
685 3762 784 3824 σκιερὸν
798 3757 953 3816 ἑκατηόὀλου
968 3754 1128 3820 Ἀπόλλωνος,

359 3951 364 3959 .
388 3888 411 3936 a.
425 3883 512 3947 ὑψόθιν
524 3881 552 3929 ἐκ
566 3881 731 3943 acapna-b.
741 3883 816 3938 xv11,
827 3879 1009 3930 tobati-5.
1021 3881 1072 3939 XX.
1087 3881 1131 3931 158
1144 3895 1151 3928 :

527 4003 556 4052 tt
567 4002 611 4065 plu
624 4001 718 4054 ἐεὶκόσι
730 4002 809 4068 βῆσαν
821 3999 861 4048 ἐπὶ
872 3997 963 4064 κρήνην
974 4001 1137 4068 μιλάνυδρον.
1229 4023 1234 4027 ·

388 4130 410 4176 0.
424 4127 497 4185 nvn.
510 4126 555 4178 204
568 4139 622 4190 sqq.
