3046 4956
604 405 801 476 „49-

165 549 305 626 idoncoe,
331 550 387 632 qui
412 557 465 616 aut
488 553 608 635 Spartae
633 551 897 633 relinquuntur¹,
924 557 978 616 aut
1003 551 1174 617 mittuntur
1197 556 1233 620 in

165 656 321 734 Elidem¹‚
338 659 443 722 bobus
459 668 560 735 certe,
582 659 705 741 porcis,
729 658 841 722 ovibus
855 658 959 734 bona,
985 660 1088 742 capris
1113 661 1234 744 optima

165 769 227 836 est,
247 781 318 844 quae
333 764 367 830 in
384 764 546 828 montibus
563 763 728 828 numerari
744 764 795 828 vix
812 767 976 846 possunt².

206 871 318 936 Solum
333 878 459 947 tamen,
477 872 552 947 etsi,
567 871 637 953 jam
653 889 711 952 per
727 889 760 934 se
777 871 881 948 ferax,
904 873 1120 955 agricolarum
1139 877 1235 940 eliam

164 977 315 1060 patientia
344 985 375 1042 et
402 979 573 1044 sudoribus
603 979 808 1043 fecundatum
833 986 897 1055 est,
926 998 1069 1063 munera,
1087 1000 1144 1046 sua
1168 1001 1234 1048 non

165 1081 246 1152 adeo
261 1083 350 1166 large
367 1090 398 1148 et
413 1083 585 1148 liberaliter
602 1083 735 1150 effundit
751 1091 787 1148 ut
802 1089 847 1148 tot
860 1085 972 1148 incolis
988 1085 1123 1151 sufficiat
1139 1105 1146 1150 :
1163 1090 1235 1170 qul·

165 1189 226 1254 bus
242 1189 462 1272 Cephallenia*
488 1207 619 1272 greges,
647 1190 846 1254 Acarnania⁸
861 1209 974 1272 greges
992 1198 1023 1254 et
1038 1192 1235 1258 frumentum

166 1297 236 1372 alit,
262 1315 351 1362 mare
376 1298 552 1380 praesertim
580 1302 727 1364 externas
753 1297 874 1380 praehet
900 1316 988 1380 opes.
1018 1299 1133 1365 Insulae
1162 1320 1235 1366 vero

166 1408 280 1467 natura
296 1404 390 1468 lavit:
408 1403 527 1484 ubique
549 1403 636 1467 enim
655 1402 689 1466 in
703 1401 826 1478 littore,
847 1404 1016 1480 naviculiS,
1042 1406 1068 1468 si
1092 1405 1236 1488 quando·

166 1525 230 1590 que
258 1528 277 1572 a
304 1510 450 1592 procellis
476 1528 518 1572 err
545 1511 718 1591 improviso
747 1510 917 1590 agitantur,
951 1511 1101 1574 stationes
1125 1531 1237 1577 oecur-

165 1620 243 1676 runt
267 1615 449 1690 tutissima,
477 1633 676 1696 magnasque
705 1615 791 1702 ipsas
820 1633 915 1678 naves
943 1622 1054 1698 portus
1085 1619 1235 1698 plurimi,

165 1721 332 1804 profundi,
351 1721 500 1786 aduersus
517 1739 630 1785 omnes
644 1727 753 1784 ventos
770 1724 929 1784 tuentum.
947 1721 1125 1787 Ithacenses
1142 1726 1238 1806 igitur

165 1823 274 1897 Graeci,
292 1823 387 1886 veluti
402 1823 538 1887 Scheriae
554 1824 711 1898 Phaeaces,
731 1829 836 1886 nautae
852 1823 1036 1904 peritissimi
1053 1827 1126 1890 facti
1142 1835 1235 1891 sunt:

164 1928 310 1992 urbis1n
334 1934 429 2010 portu
453 1928 560 1992 multae
585 1945 681 1990 naves
705 1933 927 2002 numerantur,
956 1937 1009 1992 aut
1034 1933 1235 2007 vetustiores

164 2041 220 2098 aui
234 2053 323 2098 novae
345 2036 510 2108 omnium,
530 2054 600 2118 quac
620 2035 760 2116 quotidie
783 2034 903 2098 vicinas
918 2035 1039 2100 insulas
1056 2044 1185 2120 petunt,
1204 2039 1237 2101 in

164 2141 263 2205 Elidis
282 2147 313 2204 et
335 2142 496 2205 Messeniae
523 2141 621 2204 urbes
647 2138 842 2206 descendunt
868 2140 1056 2222 saepissime‚
1084 2161 1236 2209 nonnun-

165 2265 265 2330 quam
280 2248 376 2312 etiam
392 2247 494 2312 maria
509 2245 735 2328 longinquiora
752 2251 783 2310 et
798 2245 906 2312 ninus
923 2253 998 2310 nota
1014 2249 1167 2313 tentant⁸.

205 2355 251 2418 Ea
267 2361 313 2418 est
329 2354 433 2417 insula
451 2371 567 2436 quam,
593 2353 634 2416 ab
656 2352 795 2415 Homero
821 2351 1034 2435 descriptam,
1057 2355 1144 2438 ipse,
1167 2364 1238 2440 post

165 2459 321 2534 toralias,
338 2460 442 2523 iuvisi.
465 2460 614 2523 Rariores
636 2458 720 2522 silvae
740 2460 775 2520 in
797 2458 904 2522 Nerito
925 2459 1044 2538 virent;
1070 2464 1236 2540 nonnulli,

161 2565 330 2629 deficiente
346 2567 500 2629 arborum
513 2565 640 2639 umbra,
658 2565 761 2628 fontes
776 2571 989 2641 exaruerunt3
1007 2545 1187 2649 nerc'Argus
1201 2569 1236 2632 in

164 2670 296 2734 saltibus
313 2678 367 2735 aut
382 2689 493 2754 capras
507 2677 560 2734 aut
577 2671 700 2734 cervos⁹
710 2671 893 2733 etiamnunc
908 2678 1095 2752 sequeretur
1108 2677 1239 2755 (super-

161 2783 239 2842 sunt
255 2795 329 2840 vero
351 2777 492 2858 lepores,
515 2776 658 2858 quamvis
680 2775 712 2838 id
736 2775 855 2837 Plinius
864 2775 884 2810 ¹⁰
900 2778 1092 2856 negaverit);
1115 2779 1233 2842 Eumaei
1285 2782 1306 2884 j

164 2901 337 2966 porcorum
360 2882 498 2964 denique
523 2899 678 2945 numerus
696 2879 844 2942 imminui
865 2898 931 2942 uon
948 2879 1057 2943 desivit
1069 2885 1098 2945 ¹¹.
1118 2885 1234 2946 Parum

163 2995 273 3056 &meu
286 2989 453 3052 immutata
467 2992 552 3049 terra
566 2991 626 3061 est,
642 3003 702 3048 nee
716 2984 776 3046 alia
793 2985 828 3046 in
846 2985 934 3046 omni
951 2985 1068 3049 Graecia
1084 2989 1172 3070 regio
1188 2998 1235 3053 est

165 3113 235 3176 quae
250 3099 395 3158 veterum
410 3090 675 3173 descriptionibus
688 3090 731 3152 ita
748 3089 924 3154 conveniat.

204 3203 258 3266 Vel
267 3202 445 3265 incolarum
462 3198 630 3282 ingenium
646 3204 676 3261 et
694 3215 800 3260 mores
817 3197 921 3261 adhue
941 3198 1112 3280 perstitisse
1123 3201 1233 3266 viden-

163 3317 240 3374 tur:
259 3308 312 3390 qui
339 3313 446 3370 lamen
472 3325 512 3368 ne
539 3305 746 3370 Corinthiacis
767 3304 897 3386 quidem
919 3305 1034 3369 accolis
1056 3307 1115 3370 orti
1139 3317 1229 3384 sunt,

163 3414 284 3478 nedum
300 3433 333 3476 sc
345 3429 452 3475 veram
470 3411 595 3492 Ulyssis‚
616 3409 737 3474 Eumaci
744 3411 762 3444 ¹¹
779 3416 809 3472 et
827 3409 947 3473 Philetii
967 3412 1092 3492 prolem
1112 3413 1230 3492 jactare

164 3520 296 3600 possint.
307 3519 434 3582 Constat
448 3517 549 3590 enirn,
562 3522 696 3579 exeunte
706 3517 774 3597 jam
787 3513 892 3576 media
904 3521 1009 3589 aetate,
1028 3514 1068 3576 ad
1084 3514 1117 3576 id
1132 3516 1230 3576 Verre·

163 3625 239 3688 tiam
256 3631 397 3687 coactam
413 3641 482 3686 esse
498 3629 532 3684 ut
546 3639 603 3703 por
619 3621 737 3684 insulas
759 3626 788 3682 et
803 3621 838 3681 in
854 3621 924 3701 ipso
941 3618 1115 3681 continenti
1131 3636 1229 3681 novos

197 3837 216 3879 1.
231 3832 272 3890 lV,
283 3833 326 3880 ool
341 3843 395 3892 sqq.
412 3855 440 3864 —
458 3833 480 3880 2.
497 3829 575 3888 lain,
594 3833 688 3879 635.—
699 3833 722 3878 3.
736 3827 802 3875 loto.
813 3829 857 3876 606
869 3830 894 3874 et
906 3837 972 3888 pass.
985 3850 1013 3860 -
1023 3827 1047 3874 l.
1059 3827 1113 3883 XX,
1129 3830 1183 3876 210.
1197 3853 1229 3862 -

163 3911 186 3957 a.
197 3907 259 3964 xlv,
274 3909 318 3956 too
329 3919 384 3969 sqq.
398 3932 426 3940 -
436 3907 459 3955 6.
477 3907 579 3970 Λιμένες
590 3904 712 3968 πάνορμοι
724 3903 798 3965 (xlii,
813 3903 876 3961 195).
886 3926 915 3936 -
927 3904 948 3950 i.
964 3902 1000 3958 II,
1014 3903 1070 3950 29³.
1085 3928 1113 3938 -
1122 3906 1146 3952 8.
1159 3902 1228 3961 xlll,

162 3987 221 4040 aas,
233 3987 279 4034 ²56
289 3996 356 4046 pass.
365 4009 397 4020 -
407 3988 431 4033 9.
444 3985 518 4042 llllll,
531 3987 586 4034 295.
595 4009 625 4018 -
637 3987 672 4032 to.
686 3981 751 4032 Hisl.
762 3984 816 4028 ctat.
828 3980 867 4036 IV,
884 3981 921 4028 12.
930 4003 958 4012 -
969 3983 1005 4026 tt.
1021 3977 1069 4028 Od.
1080 3981 1143 4038 XIV,
1158 3983 1195 4029 ll.

196 4064 232 4111 ri.
250 4058 344 4108 liumaei
356 4073 382 4108 se
395 4065 511 4122 nepotem
524 4074 578 4108 esse
590 4058 668 4108 falsus
680 4057 722 4106 ille
736 4053 852 4103 Koliades
862 4051 991 4116 praedicar.
