3046 4956
726 417 921 486 ..26-

331 561 557 634 Alalcomenae!
572 563 704 626 tortasse
722 561 864 642 primum
877 561 966 626 dictae
976 571 1065 639 sunt;
1077 580 1215 644 quarum
1225 581 1353 626 crevere

292 669 456 753 paululum
474 687 567 750 opes,
584 668 667 731 vires
682 668 860 745 invaluere,
877 687 944 732 non
962 667 1041 732 adeo
1060 676 1166 734 tamen
1191 675 1226 732 ut
1243 687 1301 753 per
1318 687 1351 732 se

291 782 427 864 gloriam
443 781 603 862 insignem
625 798 658 844 se
679 778 848 862 adepturos
868 787 1033 864 sperarent
1049 799 1057 843 :
1073 779 1252 844 illustrioris
1274 797 1352 860 orgo

292 906 361 970 quae
380 887 517 970 perierat
529 885 618 949 urbis
635 885 695 948 sibi
707 903 826 949 nomen
845 892 876 948 et
890 886 1056 950 historiam
1072 891 1289 968 sumpserunt.
1306 887 1352 950 Eo

291 1003 435 1078 tempore
451 1012 517 1056 non
536 993 723 1074 ignoramus
740 1013 852 1058 omnes
868 995 900 1060 id
918 995 1053 1078 populos
1074 1013 1133 1076 pro
1152 1011 1280 1057 summo
1296 993 1353 1058 de-

292 1120 366 1166 core
388 1099 537 1163 babuisse
561 1100 586 1164 si
609 1099 649 1162 ab
673 1100 811 1163 Homero
828 1101 977 1164 celebrati
1001 1100 1144 1163 luissent.
1171 1099 1211 1164 Ut
1231 1106 1354 1182 septem

292 1206 353 1270 sibi
368 1205 554 1278 Homerum,
571 1210 635 1268 tres
649 1205 814 1267 Nestorem
824 1204 887 1268 sibi
901 1205 996 1270 urbes
1013 1204 1225 1280 vindicabant,
1244 1222 1355 1268 recen-

295 1309 418 1390 tiusque
441 1307 534 1370 ilium
556 1326 589 1372 se
614 1325 723 1371 veram
739 1305 882 1375 Hectoris
903 1315 933 1372 et
952 1309 1060 1375 AEneae
1081 1309 1226 1392 Trojam‚
1243 1311 1355 1374 Romae

293 1423 458 1498 parentem
474 1417 585 1480 haberi
601 1416 823 1481 contendebat.
841 1416 930 1490 Quod
945 1419 1128 1500 exemplum
1143 1418 1356 1484 Alalcomenae

293 1530 424 1598 secula,
443 1523 555 1588 ithacae
572 1529 807 1605 occupaverunt
824 1541 945 1588 nomen
961 1523 1171 1606 nummisque
1186 1525 1252 1588 suis
1266 1524 1357 1605 Ulys-

294 1647 361 1691 sem
389 1629 629 1712 impresserunt.
654 1630 727 1692 Post
749 1628 899 1692 diuturna
925 1627 1048 1702 oblivia,
1076 1629 1194 1694 iterum
1216 1647 1235 1693 a
1257 1629 1355 1694 Gellio

293 1753 412 1808 nomen
440 1735 517 1799 illud
543 1753 606 1818 quo
633 1735 774 1818 gloriatae
798 1741 889 1797 erant
912 1742 1121 1816 receperunt,
1149 1734 1356 1817 quodetiam

294 1861 382 1924 paene
402 1843 432 1906 in
450 1843 600 1907 omnibus
616 1843 742 1908 Graeciae
759 1840 1022 1925 descriptionibus
1038 1841 1194 1906 obtinent.

334 1950 400 2030 ligo
417 1967 491 2012 vero
510 1949 650 2014 neminis
666 1948 728 2011 nisi
749 1948 878 2011 Homeri
895 1947 1074 2011 testimonio
1091 1947 1189 2012 fidem
1204 1947 1357 2014 adhibere

294 2055 404 2130 statui,
424 2054 525 2136 quod,
545 2055 603 2118 etsi
618 2072 678 2117 nos
694 2053 800 2117 subtiH
817 2052 1075 2134 interpretatione
1091 2052 1222 2130 Gellius,
1241 2053 1357 2118 invitus

295 2158 436 2241 quidem,
453 2159 570 2235 iechit,
583 2159 697 2222 falsam
710 2157 850 2222 Ithacam
863 2176 930 2222 non
943 2176 1034 2222 secus
1050 2176 1086 2222 ac
1102 2158 1215 2224 falsam
1230 2157 1358 2240 brojam

295 2259 410 2346 arguit.
434 2267 554 2329 Ducem
571 2265 667 2348 igitur
683 2265 813 2329 solitum
833 2266 1017 2328 etiamnunc
1033 2281 1160 2346 sequar,
1184 2279 1357 2348 veramque

296 2371 412 2453 Ulyssis
429 2373 543 2436 urbem
562 2373 608 2436 ibi
630 2371 715 2434 nitar
736 2371 879 2436 invenire
900 2371 957 2434 ubi
980 2371 1142 2452 continget
1165 2386 1355 2454 agnoscere,

296 2479 400 2562 potius
422 2499 519 2562 quarn
537 2479 641 2544 dubiae
657 2477 755 2542 aetatis
780 2478 906 2554 ruinas,
931 2478 1017 2542 locos
1040 2484 1124 2542 certe
1150 2497 1168 2540 a
1189 2483 1282 2561 poeta
1304 2473 1359 2540 de·

295 2584 438 2666 scriptos.

332 2824 350 2864 t.
364 2815 460 2874 Strabo,
472 2820 504 2874 X,
516 2820 577 2875 ⁴⁵³t
592 2816 659 2866 Plut.
672 2817 714 2864 Gr.
724 2817 813 2873 Quasi.
828 2821 865 2866 aa.
