3046 4956
738 395 937 468 ...2...¹

290 543 421 610 modum
437 543 570 616 Gellius,
587 541 629 602 ita
650 540 716 622 ipse
740 539 896 602 Homerus
922 540 1008 603 lucos
1033 537 1093 601 sibi
1120 555 1234 620 parurn
1259 544 1352 600 notos

288 653 371 716 male
389 648 590 732 descripsisse
612 646 814 710 insimulatus
832 652 933 724 essem
952 645 1036 709 unde
1060 645 1100 708 ad
1119 644 1196 709 illud
1217 644 1352 708 adduce-

287 775 398 822 remur
414 763 449 819 ut
464 755 579 818 falsum
598 754 637 816 de
654 752 785 815 Homeri
805 752 933 834 ingenio
950 759 980 815 et
999 760 1066 816 arte
1082 751 1237 834 Judicium
1256 753 1352 815 terre-

286 881 369 928 mus.
388 861 483 944 Cujus
499 865 583 924 certe
607 857 786 921 testimonia
806 856 844 920 do
864 857 988 922 Graeeiae
1009 858 1196 939 antiquioris
1213 875 1350 938 geogra-

286 969 361 1050 phia
385 986 427 1030 ne
451 967 619 1031 minimam
638 967 767 1048 quidem
789 967 1009 1030 auctoritatem
1030 966 1197 1039 haberent,
1216 966 1257 1040 si,
1276 984 1350 1029 curn

280 1058 476 1155 ¹agnoscendi
494 1080 599 1136 essent
622 1089 702 1155 quos
718 1071 942 1135 memoraverit
958 1072 1036 1148 loci,
1054 1071 1169 1148 Gellio,
1186 1071 1303 1135 Lealrio
1320 1079 1348 1135 et

285 1179 471 1254 toletano,
491 1197 532 1240 ne
550 1178 655 1260 plures
672 1197 868 1261 memorem,
882 1177 961 1241 adeo
979 1177 1145 1241 dissentire
1159 1176 1306 1240 licuisset.

323 1286 377 1360 At,
404 1284 592 1366 priusquam
620 1284 695 1366 ipsi,
723 1302 803 1365 quos
832 1283 947 1365 judicis
978 1292 1084 1366 partes
1114 1282 1350 1365 nobismetipsis

283 1407 424 1454 asserere
437 1407 504 1452 non
516 1388 625 1471 pudet,
640 1389 790 1453 adversus
799 1389 992 1452 Voellrerium
1007 1389 1046 1452 de
1060 1388 1182 1464 insulae,
1199 1388 1350 1452 adversus

282 1496 418 1562 Gellium
440 1496 479 1560 de
504 1496 593 1560 urbis
623 1497 686 1560 situ
713 1496 940 1572 decernamus,
965 1497 1120 1560 nonnulla
1147 1496 1186 1560 de
1211 1497 1350 1560 Homero

281 1603 471 1686 generaliter
493 1603 618 1685 preclari
644 1603 861 1667 necessarium
872 1604 1006 1678 videtur,
1027 1609 1060 1666 ut
1077 1602 1203 1685 planius
1220 1603 1351 1666 delinia-

282 1717 414 1792 turquae
430 1710 469 1774 sit
486 1709 515 1773 ei
530 1709 660 1792 proprie
676 1710 711 1774 in
725 1708 941 1774 describendis
961 1709 1038 1774 locis
1055 1709 1133 1773 fides
1155 1709 1347 1773 adhibenda.

323 1823 353 1880 2.
379 1816 474 1900 Apud
495 1817 661 1880 neminem
682 1833 826 1897 unquam
853 1816 996 1880 miuusa
1016 1817 1138 1897 pictura
1159 1816 1271 1898 poesin
1292 1814 1349 1877 ab·

283 1923 378 1987 luisse
396 1923 470 1988 satis
485 1924 606 1987 constat
623 1928 794 1985 :naturam
811 1939 885 1984 vero
902 1939 969 1984 non
984 1921 1084 1984 modo
1096 1921 1210 1983 melius
1224 1921 1350 1994 ceteris,
1379 1983 1381 1988 ,

282 2028 348 2091 imo
366 2029 459 2091 aliter
474 2028 588 2108 pingit.

323 2117 503 2216 (leographi
529 2132 616 2196 enirn
642 2131 791 2212 regiones
817 2148 895 2213 quas
923 2130 1127 2205 describunt,
1152 2131 1261 2212 quales
1288 2134 1351 2196 sint

283 2245 428 2304 accurate
442 2237 622 2320 exprimere
639 2237 797 2314 laborant,
815 2239 858 2302 ita
874 2245 921 2314 ut,
940 2255 1003 2320 quo
1021 2237 1080 2300 sub
1098 2238 1175 2300 coelo
1191 2238 1249 2302 sita
1263 2259 1350 2322 quoe-

284 2364 345 2428 que
368 2345 421 2420 sit,
443 2352 599 2427 quantum
615 2346 656 2408 ab
676 2345 745 2409 aliis
766 2346 875 2422 distet,
895 2363 965 2428 quae
987 2345 1027 2408 sit
1045 2363 1119 2408 vera
1137 2345 1205 2426 ejus
1226 2347 1348 2428 figura,

282 2450 397 2516 melius
418 2451 510 2515 nobis
528 2468 626 2533 quam
642 2450 724 2514 oculi
742 2450 842 2513 nostri
859 2450 906 2513 rel
926 2452 1039 2515 Strabo
1056 2457 1231 2529 monstret;
1250 2471 1347 2534 quern

283 2563 391 2620 tamen
405 2557 543 2620 multum
560 2574 668 2619 errare
684 2575 814 2620 necesse
829 2557 899 2620 luit.

325 2663 427 2727 Poetis
444 2667 554 2726 eontra
571 2662 685 2744 saepius
708 2663 809 2745 placet
834 2669 983 2728 naturam
1011 2665 1046 2727 in
1068 2666 1265 2730 carminibus
1291 2666 1346 2730 de·

286 2769 425 2834 scribere
443 2767 571 2850 qualem
590 2786 662 2833 eam
683 2768 744 2834 sibi
760 2769 967 2852 figuraverint
983 2771 1107 2848 animo,
1131 2791 1227 2855 quarn
1249 2773 1351 2856 qualis

284 2877 460 2942 luminibus
481 2878 623 2962 subjecta
648 2887 706 2944 est.
729 2881 793 2944 Cur
817 2880 904 2943 enim
926 2881 1029 2963 magis
1054 2883 1141 2946 locos
1165 2881 1221 2945 ubi
1244 2882 1349 2946 fabula

284 2991 397 3067 agatur
412 3002 511 3068 quam
526 2985 630 3068 ipsam
648 2986 789 3050 fabulam
813 2992 844 3050 et
867 2986 982 3050 heroas
1006 2987 1128 3069 tingere
1149 2987 1350 3052 vetarentur?

285 3091 349 3154 Aut
362 3109 420 3156 cur
437 3111 457 3156 a
472 3109 606 3157 munere
624 3111 681 3158 suo
704 3094 882 3158 discessisse
900 3103 1100 3176 argueretur,
1125 3096 1153 3159 si
1174 3095 1244 3177 quis
1261 3113 1351 3158 veras

285 3197 392 3261 minus
405 3195 549 3272 fortasse,
565 3197 620 3262 sed
634 3199 717 3262 veris
732 3200 887 3279 gratiores
900 3198 994 3262 nobis
1011 3194 1160 3262 obtulerit
1173 3196 1351 3280 imagines?

285 3303 349 3366 Nec
368 3302 460 3366 venia
481 3303 600 3367 carebit
615 3305 764 3387 Virgilius
788 3304 830 3368 ob
850 3304 1039 3366 translatum
1065 3304 1099 3366 in
1120 3304 1224 3384 Libyae
1246 3305 1351 3370 littora

286 3405 483 3472 Ithacensem
499 3409 672 3491 Phorcynis
688 3418 817 3494 portum
828 3411 847 3473 ¹.
1301 3495 1304 3499 .

327 3512 483 3577 llomerus
504 3532 578 3578 vero
595 3515 682 3578 locos
699 3533 772 3578 raro
793 3513 966 3578 admodum
991 3513 1102 3594 fingit3
1129 3531 1202 3578 raro
1221 3533 1350 3598 quoque

287 3633 353 3695 eos,
372 3621 480 3702 quales
503 3638 536 3682 se
554 3619 713 3696 babeant,
732 3619 907 3703 descripsit.
928 3619 1038 3701 Neque
1060 3619 1157 3701 igitur
1178 3639 1236 3704 pro
1258 3623 1349 3698 fictis,

287 3745 393 3810 neque
405 3709 471 3809 prq
480 3727 561 3790 veris
571 3724 754 3808 accipienda
764 3735 837 3790 sunt
854 3747 925 3810 quae
935 3727 1029 3792 nobis
1043 3727 1153 3805 tradit;
1167 3718 1351 3813 pariterque

289 3833 367 3898 mihi
380 3832 526 3897 ridentur
539 3833 700 3909 erravisse,
713 3841 744 3897 et
758 3835 813 3916 qui
827 3843 928 3916 poetae
943 3833 1074 3898 omnino
1092 3834 1237 3912 credunt,
1249 3843 1279 3901 et
1297 3838 1353 3920 qui

323 4069 345 4114 ι.
362 4066 447 4125 uam..
463 4064 521 4122 oa,
533 4065 573 4123 u,
588 4067 614 4113 ra
626 4053 788 4128 sqq.;'vng..
801 4050 857 4124 rte,
871 4067 891 4123 1,
903 4067 1020 4118 rso-rsa.

477 4732 826 4928 s*
