3046 4956
632 1064 824 1192 innon.

608 1386 843 1451 PROOEMIUM.

236 1576 266 1638 S.
286 1581 313 1634 t.
331 1575 514 1637 Memoratur
526 1593 618 1656 quam
637 1575 773 1638 diversas
788 1575 947 1657 opiniones
964 1574 1001 1639 de
1017 1577 1259 1654 lthocoviatores

197 1669 375 1750 protulerint
398 1673 446 1748 (p.
468 1674 513 1742 l).
533 1702 571 1712 —
587 1672 617 1729 2.
645 1667 710 1740 Quo
733 1688 816 1731 more
838 1669 986 1731 Homerus
1008 1669 1086 1732 locos
1110 1671 1260 1734 describat

194 1769 236 1844 (p.
249 1769 288 1837 t).
306 1798 346 1809 -
359 1769 386 1822 3.
399 1761 497 1834 Quem
515 1761 695 1842 imperfecte
713 1762 774 1822 sint
792 1761 823 1822 in
843 1763 971 1825 Homero
986 1765 1216 1845 cosmographia
1232 1777 1261 1827 et

194 1857 379 1939 geographia
391 1861 439 1938 (p.
454 1861 492 1932 3).
510 1890 547 1901 —
566 1861 595 1916 t.
610 1856 703 1918 Locos
716 1868 816 1918 tamen
832 1875 898 1918 esse
914 1855 984 1936 qui,
998 1855 1065 1918 licet
1082 1855 1260 1919 adversante

195 1949 342 2032 Spohnio‚
356 1967 391 2011 ex
403 1948 524 2012 Homeri
535 1947 791 2030 descriptionibus
802 1949 889 2010 valde
898 1948 1019 2030 agnosci
1028 1954 1203 2031 possunt(p.
1217 1955 1256 2024 t).

194 2078 233 2090 —
244 2049 272 2104 5.
286 2039 385 2103 Pauca
397 2042 434 2105 de
450 2060 521 2123 agro
535 2040 665 2121 Trojano
681 2040 836 2103 adduntur
847 2044 894 2123 (p.
907 2046 953 2115 ὅ).
965 2075 1002 2086 -
1014 2045 1044 2100 6.
1060 2041 1157 2102 Pauca
1168 2041 1258 2104 etiam

195 2135 232 2198 de
241 2135 356 2198 Gracia
369 2146 397 2198 et
412 2133 580 2198 Homericis
599 2134 739 2217 epithetis
759 2141 806 2216 (p.
820 2143 864 2210 7).
887 2169 928 2181 -
941 2142 970 2194 t.
996 2133 1060 2205 Quo
1077 2133 1180 2198 tendat
1196 2135 1260 2198 haec

194 2228 232 2292 de
253 2228 353 2291 Ithaca
370 2227 535 2310 disputatio
552 2234 592 2307 [p.
610 2231 652 2306 8).

638 2465 762 2528 CAPUT
789 2467 811 2528 1.

217 2639 309 2683 GELLH
328 2640 364 2682 llll
383 2639 491 2685 lusum
509 2638 571 2684 stro
586 2637 684 2684 orthio
700 2637 841 2682 ADVERSUS
857 2639 1036 2686 rosellanum
1055 2634 1240 2688 ouluholton'.

236 2782 264 2836 l.
291 2776 334 2839 De
349 2775 498 2864 ¹Odysseae
518 2776 657 2839 versibus
678 2794 726 2849 nr,
749 2779 859 2852 21-th
889 2775 1040 2857 quomodo
1061 2777 1149 2858 vulgo
1173 2778 1260 2840 intel·
1347 2841 1351 2854 „

196 2869 329 2950 ligantur
351 2877 402 2952 (p.
415 2875 477 2944 to).
498 2903 537 2914 -
560 2873 590 2929 2.
614 2868 825 2950 Explanantur
846 2867 947 2931 denuo
962 2879 1009 2950 (p.
1033 2876 1063 2931 ll
1077 2877 1097 2947 ).
1114 2905 1152 2917 —
1166 2876 1194 2931 3.
1216 2870 1259 2932 De

195 2965 265 3044 hipp
280 2973 309 3024 et
321 2964 403 3046 ἠελίῳ
426 2984 432 3020 :
457 2959 610 3042 quomodo
632 2960 735 3022 Ithaca
755 2960 820 3036 πρὸς
834 2958 928 3039 ζόφον,
951 2970 1054 3023 ceterae
1078 2961 1258 3044 Cephallen-

195 3053 275 3116 sium
292 3054 399 3117 insulae
412 3055 476 3134 πρὸς
484 3058 526 3127 ἠῶ
540 3079 569 3114 τε
581 3052 671 3126 deludi
685 3077 714 3112 τε
729 3052 794 3114 sita
808 3071 875 3116 esse
885 3063 962 3116 recte
975 3053 1114 3117 dicantur
1126 3061 1175 3138 (p.
1189 3061 1255 3130 13).

194 3181 234 3192 -
248 3155 278 3211 t.
295 3149 429 3212 ithacam
447 3148 560 3210 mirum
575 3146 609 3209 in
626 3147 751 3209 modum
766 3145 814 3207 sui
829 3145 961 3209 similem
977 3148 1077 3212 adhuc
1091 3149 1260 3232 perstitisse

156 3275 162 3284 ι
195 3244 243 3322 (p.
257 3246 324 3320 tt).
342 3277 381 3287 —
399 3246 427 3303 e.
444 3241 488 3302 Ex
503 3240 648 3315 Homero,
667 3238 766 3320 qualis
780 3248 837 3314 est,
855 3238 1038 3304 describitur
1050 3247 1094 3323 (p.
1107 3248 1176 3318 18).

635 3482 761 3545 CAPUT
783 3481 820 3543 ΙΙ.

293 3660 385 3705 cumn
408 3661 445 3704 ns
466 3658 550 3705 uncis
568 3657 698 3706 noussen
715 3659 779 3704 sno
796 3659 970 3706 nsnmmnm
988 3659 1170 3706 consecrem.

236 3810 266 3868 l.
294 3803 338 3866 De
363 3803 495 3886 singulis
519 3802 627 3865 insulae
646 3802 720 3865 locis
743 3804 789 3884 (p.
810 3803 879 3882 tl).
901 3834 941 3845 -
964 3805 993 3862 θ.
1023 3800 1111 3864 Gellii
1129 3802 1166 3866 dc
1187 3796 1261 3867 urbe

195 3898 321 3980 Ulyssea
336 3896 439 3980 opinio
454 3907 483 3960 ct
498 3907 677 3979 argumenta
692 3895 889 3958 infirmantur
908 3900 919 3970 (
928 3896 1003 3957 ibid.
1014 3902 1034 3972 ).
1050 3931 1090 3943 -
1107 3900 1136 3956 3.
1152 3901 1262 3961 Actum

195 3989 359 4053 Homericae
374 3988 569 4071 descriptioni
585 3989 664 4052 male
676 3987 860 4071 respondere
871 3991 919 4068 (p.
929 3991 994 4062 23).
1011 4019 1050 4034 -
1064 3994 1094 4050 t.
1107 3989 1150 4052 De
1161 3989 1262 4052 lthaca

196 4080 284 4144 Gellii
299 4082 374 4165 quid
390 4080 496 4164 conjici
514 4082 668 4165 possit(p.
684 4086 748 4157 25).
