3046 4956
609 414 802 482 ..23ss

172 562 287 627 cidisse
309 569 344 624 ut
366 561 480 626 eodem
501 568 644 644 tempore
666 561 770 626 modis
794 561 924 624 diversis
949 569 1045 637 (nunc
1066 562 1233 626 recentiori

174 667 336 752 presentis
354 666 474 742 saeculi,
495 684 582 730 nunc
599 666 782 731 obsoletiori
799 673 912 743 moret,
931 667 1157 744 aedilicaretur3
1175 685 1233 730 sae-

173 753 245 856 pius
261 773 368 847 etiam,
384 779 419 836 ut
435 772 577 855 ejusdem
593 771 719 854 generis
735 771 867 836 aedificia
881 790 948 836 non
965 779 1073 836 tamen
1090 771 1234 855 ejusdem

173 879 326 962 temporis
343 886 458 952 essent,
477 881 503 942 si
513 879 638 944 condita
653 884 745 942 erant
758 878 842 960 apud
854 879 989 961 poprdos
1006 896 1145 960 quorum
1156 878 1236 942 alter

172 984 275 1048 serius
291 991 374 1048 artes
397 983 549 1048 didicerat
578 1003 584 1048 :
611 1003 670 1048 nec
695 985 867 1066 quisquam
894 985 953 1048 erit
973 985 1028 1068 qui
1045 985 1182 1060 dubitet,
1208 985 1235 1048 si

173 1089 451 1172 rnodoOdysseam
462 1092 644 1173 perlegerit,
659 1091 798 1154 ithacam
807 1092 895 1173 Pylo,
909 1091 1046 1174 Mycenis
1063 1099 1094 1155 et
1111 1092 1233 1173 Sparta,

172 1202 240 1260 turn
257 1198 389 1280 opibus,
407 1206 475 1263 turn
493 1200 610 1262 artium
626 1206 681 1264 aut
696 1198 858 1262 industriae
872 1200 1015 1282 profectu
1031 1199 1131 1262 multo
1153 1197 1203 1261 inf
1219 1229 1235 1244 -

171 1301 292 1364 riorem
301 1320 380 1388 esse.
390 1303 480 1378 Quod
490 1302 516 1366 si
526 1303 623 1384 igitur
634 1304 988 1386 murospropcmodum
999 1303 1117 1368 similes
1127 1321 1232 1366 serva-

171 1410 301 1487 vissent,
313 1411 482 1475 verisimile
500 1417 581 1474 esset
598 1411 683 1492 quod
700 1412 745 1475 ibi
761 1411 802 1474 ab
819 1412 1060 1493 Agamemnone
1073 1417 1127 1474 aut
1139 1412 1236 1474 Atreo

172 1526 370 1583 exstructum
386 1520 491 1593 fuerit,
510 1520 596 1582 idern
608 1519 660 1582 bic
672 1519 789 1599 Ulyssis
804 1517 974 1600 nepotibus
986 1516 1232 1584 adscribendum

173 1641 255 1688 esse.

211 1731 251 1794 nt
271 1731 370 1795 Gellio
396 1732 489 1796 libuit
511 1738 708 1814 pervetustos
733 1732 846 1794 lthacae
867 1748 979 1794 muros
1000 1731 1121 1811 aliquot
1141 1732 1235 1794 etiam

169 1839 266 1900 annis
279 1838 467 1901 vetustiores
484 1856 581 1919 quarn
599 1844 672 1901 sunt
684 1838 818 1918 tingere,
838 1845 872 1900 ut
888 1837 1044 1918 Myceneis
1060 1836 1237 1917 Tirynthia-

168 1943 282 2024 cisque
298 1943 400 2006 ruinis
418 1949 508 2008 aetate
524 1945 690 2026 propiores
707 1945 839 2020 tierent3
859 1943 1053 2025 quibuscum
1065 1962 1178 2008 vereor
1195 1963 1236 2008 ne

172 2065 341 2130 perperam
367 2048 486 2112 collati¹
509 2049 644 2124 luerint,
666 2068 741 2114 cum
764 2056 862 2112 totam
878 2069 936 2132 per
953 2051 1131 2125 Graeciam,
1151 2067 1233 2132 prae·

169 2151 281 2214 sertim
296 2170 372 2215 vero
386 2153 420 2216 in
432 2153 550 2217 Graecia
561 2153 756 2229 occidentali,
774 2155 988 2236 plurimarum
1002 2156 1133 2220 urbium
1147 2173 1236 2218 erer-

170 2277 281 2351 sarum
306 2266 475 2323 occurrant
501 2260 603 2323 ruinae
626 2278 712 2342 quae,
735 2259 849 2323 lthacae
865 2261 967 2324 ruinis
989 2261 1120 2333 similes,
1147 2279 1236 2324 eam·

171 2365 246 2428 dem
263 2372 387 2429 aetatem
402 2365 463 2429 sibi
478 2365 638 2430 vindicare
651 2365 829 2442 rideantur,
846 2367 1018 2450 Cyclopum
1035 2385 1110 2431 vero
1125 2373 1157 2430 et
1169 2367 1237 2430 llia-

170 2470 220 2536 dis
233 2477 377 2553 ternpore
392 2471 460 2534 sine
478 2471 575 2535 dubio
588 2472 811 2536 recentiorem.

211 2583 242 2643 3.
259 2579 356 2642 Gellio
374 2598 448 2644 vero
464 2581 620 2645 assentire
637 2582 725 2644 nrdlo
739 2583 836 2646 modo
848 2601 1002 2664 possum,
1017 2601 1092 2648 cum
1107 2600 1236 2646 mecum

170 2699 203 2748 et
218 2703 290 2768 qure
304 2687 417 2751 dixerit
433 2689 607 2763 Homerus,
625 2695 656 2752 et
670 2708 741 2772 quae
752 2709 819 2754 non
833 2689 963 2765 dixerit,
979 2698 1144 2772 ,reputem;
1161 2690 1237 2754 isth-

171 2793 372 2874 miacamque
388 2811 495 2858 arcem
512 2794 552 2858 ab
567 2795 706 2858 Homero
723 2797 866 2878 ignotam
883 2797 1016 2860 omnino
1032 2796 1130 2860 fuisse
1142 2816 1181 2862 ex
1198 2817 1236 2860 eo

171 2897 261 2962 lacile
275 2899 414 2963 arbitror
428 2901 513 2983 quod
531 2919 602 2964 earn
613 2901 682 2964 aliis
694 2908 777 2964 certe
795 2901 955 2964 coloribus
971 2902 1123 2982 pinxisset
1139 2921 1236 2984 quam

173 3006 335 3086 Ulysseam
353 3007 466 3070 urbem
485 3008 597 3089 pinxit.

211 3115 319 3198 Neque
344 3116 431 3179 enim
456 3115 482 3177 is
504 3121 551 3177 est
573 3115 655 3178 arcis
674 3115 821 3178 Gellianae
851 3115 928 3178 situs
958 3121 993 3179 ut
1018 3133 1037 3178 a
1060 3116 1172 3179 ceteris
1184 3135 1236 3180 ar·

172 3221 264 3286 cibus
281 3241 347 3285 non
364 3222 497 3286 omnino
515 3222 652 3286 discerni
671 3222 785 3285 debeat
804 3241 810 3285 :
830 3241 901 3305 quae
920 3222 1000 3287 duos
1017 3229 1141 3288 montes
1157 3222 1238 3286 diri-

171 3328 231 3403 dit,
248 3329 331 3391 mari
347 3331 497 3412 utrinque
515 3330 677 3404 imminet,
698 3337 728 3393 et
742 3330 828 3394 aditu
845 3338 932 3393 caret
948 3331 1101 3415 undique.
1123 3331 1238 3396 Mirum

170 3436 231 3498 erit
244 3436 271 3500 si
288 3443 381 3518 poeta
400 3437 467 3511 ille,
486 3437 537 3500 cui
558 3456 686 3519 semper
712 3457 750 3500 ea
770 3438 920 3520 colligere
944 3440 1046 3521 placet
1072 3457 1236 3520 quecum-

171 3561 233 3622 que
259 3543 403 3606 locorum
425 3543 560 3606 vividam
585 3544 759 3626 imaginem
781 3545 933 3621 offerunt,
962 3552 1134 3626 postquam
1155 3544 1236 3606 Phe·

172 3666 222 3711 ras
245 3648 333 3730 apud
361 3649 467 3713 lacurn
495 3649 664 3726 conditas’,
690 3650 845 3713 arduum³
865 3650 970 3724 Dium,
998 3650 1136 3729 Gortyna
1155 3646 1238 3710 bene

172 3751 402 3818 munitam‘vel
416 3755 536 3818 cursim
552 3761 625 3818 ante
640 3755 748 3819 oculos
757 3755 872 3837 posuit,
886 3754 1041 3835 totiesque
1053 3771 1113 3817 nos
1129 3751 1238 3817 docuit

172 3857 262 3922 llinm
279 3877 298 3921 a
314 3860 415 3924 ventis
429 3860 582 3942 agitatum
597 3879 682 3935 esse,
703 3861 804 3926 solam
820 3859 978 3933 ithacam,
998 3858 1037 3923 de
1052 3875 1115 3939 qua
1132 3864 1238 3922 tamen

185 4027 224 4084 ,1.
243 4018 414 4071 Nominatim:
431 4021 466 4072 Gi.
484 4021 560 4072 etiam
577 4021 745 4079 Lecheralier,
763 4019 1050 4086 op.cit.p.r,ao.1-r.
1069 4020 1111 4076 ll,
1128 4021 1165 4076 ll,
1183 4023 1224 4068 itt

171 4117 198 4126 -
211 4095 236 4142 3.
255 4091 332 4149 ltin..
347 4097 402 4144 538.
416 4120 442 4128 —
456 4096 480 4144 l.
497 4092 740 4174 remanentiam„
752 4093 814 4152 atti).
