3046 4956
615 378 785 447 ..9-

160 531 277 588 notam
295 543 363 588 esse
386 541 393 586 :
412 541 486 586 uum
502 524 589 586 enim
606 524 640 586 in
658 523 779 604 exiguis
802 523 903 586 scenis
927 523 1101 607 simplicior
1125 523 1232 604 labrda

159 637 291 713 agatur,
303 637 396 712 poeta
413 628 472 692 sibi
489 630 524 692 in
537 628 752 693 continuanda
768 629 953 693 narratione
970 629 1072 712 magis
1091 635 1230 706 constat,

159 739 437 822 paucioribusque
457 741 599 814 omissis,
617 739 847 821 frequentiores
866 745 897 804 et
913 738 1046 802 vividius
1067 755 1231 822 expressas

159 843 356 907 eorumdem
370 845 516 908 locorum
532 845 688 926 imagines
705 845 844 921 effinxit;
859 862 934 907 cum
949 862 1042 918 vero,
1060 844 1094 907 in
1111 846 1231 909 deseri-

158 949 271 1015 be'nda
286 969 381 1034 parva
395 952 542 1034 regione,
568 952 687 1030 minori
707 950 871 1014 intervallo
893 949 984 1014 distet
1007 953 1182 1034 geographi
1200 957 1231 1016 et

121 1043 128 1088 '¹
159 1059 296 1141 pictoris
312 1077 442 1135 munus,
461 1059 566 1124 rarius
581 1059 633 1122 hic
653 1058 805 1122 erravisse
815 1059 991 1140 Homerum
1000 1058 1171 1122 verisimile
1186 1067 1233 1123 est
1299 1101 1329 1124 ·.

119 1191 122 1202 =
160 1183 265 1246 quiam
281 1184 356 1229 oum
371 1164 626 1229 Thessalicorum
642 1183 756 1246 regum
774 1167 871 1241 lines,
889 1172 943 1228 aut
958 1165 1139 1228 Telemachi
1158 1165 1228 1242 iter,
1301 1206 1312 1229 .

159 1278 219 1334 aut
234 1272 330 1334 etiam
343 1271 516 1353 Trojanum
534 1289 648 1352 agrum
665 1265 870 1334 describeret.

204 1377 324 1459 Ulyssis
341 1379 437 1460 igitur
456 1379 594 1442 lthaoam
612 1397 651 1442 ex
668 1377 805 1460 Odyssea
819 1379 1043 1443 adumbratam
1067 1379 1231 1444 hodiernae

159 1482 278 1546 Ithacae
294 1501 360 1546 non
377 1485 476 1546 semel
499 1489 543 1570 et*
556 1485 796 1566 diligentissime
819 1486 956 1559 contuli,
980 1491 1016 1547 ut
1042 1484 1231 1567 antiquioris

159 1591 292 1656 Graeciae
304 1591 534 1672 geographiam
554 1597 590 1660 et
601 1591 669 1672 ipse
686 1609 745 1672 pro
767 1592 849 1654 meis
873 1590 993 1655 viribus
1018 1591 1228 1669 illustrarem,

159 1696 213 1760 vel
231 1697 336 1778 potius
351 1703 386 1761 ut
403 1698 479 1760 inde
493 1681 620 1779 planius
640 1697 756 1772 scirem
780 1715 877 1779 quam
893 1705 1038 1761 accurate
1054 1715 1128 1761 vero
1145 1715 1230 1762 sem·

159 1820 224 1884 per
241 1802 408 1866 accesserit
427 1802 595 1866 Homerica
611 1803 730 1884 poesis,
749 1820 817 1866 non
833 1821 923 1866 secus
939 1819 1013 1866 oum
1026 1801 1113 1864 locos
1127 1808 1158 1864 et
1170 1820 1230 1864 na-

159 1917 273 1974 turam
292 1909 334 1974 ad
357 1910 462 1974 vivum
486 1908 606 1990 pingit,
632 1927 823 1990 quomrum
843 1927 950 1974 mores
971 1907 1141 1972 hominurn
1156 1907 1228 1986 imi·

160 2021 262 2080 tatur.

1341 1926 1359 2028 ζ
