3046 4956
572 417 769 484 ..25....

138 579 211 624 saxa
227 569 404 644 praerupta,
423 563 512 626 locus
529 563 632 638 deest,
646 581 717 645 quae
729 561 822 626 nobis
839 562 900 626 lata
914 571 1056 645 apparet,
1070 567 1199 647 etcujus

136 667 248 731 domus
265 685 330 730 non
348 669 492 749 angustis
515 668 550 732 in
571 669 646 732 vicis
673 668 780 733 densae
800 675 831 731 et
853 675 1037 746 contractae,
1062 670 1116 734 sed
1142 689 1201 753 per

136 792 227 857 agros
244 779 362 857 sparsae
378 775 611 858 arboribusque
629 776 833 840 circumfusae
847 776 1020 840 videntur.
1041 776 1201 842 Nonnulla

137 898 264 962 quoque
288 887 479 962 argumenta
504 882 585 945 mihi
605 881 772 964 praebuere
795 881 908 945 Ithacae
930 887 1060 964 portus,
1082 883 1202 946 Asteris

135 988 247 1064 insula,
261 994 292 1050 et
306 987 421 1052 Neium
438 987 525 1070 quod
545 988 621 1052 urbi
642 987 789 1052 imminet
814 1005 824 1050 τ
854 1006 925 1069 quae
945 987 1029 1052 infra
1052 987 1202 1072 explicari

135 1095 249 1158 melius
261 1095 349 1160 erit’.
1194 1105 1198 1114 ’

171 1203 204 1264 l.
227 1201 276 1265 Ad
292 1202 325 1266 id
340 1221 416 1266 vero
434 1201 568 1266 forsitan
584 1201 607 1266 ii
622 1219 676 1265 me
700 1208 814 1284 cogent
831 1202 947 1284 quibus
967 1201 1056 1268 Gellii
1073 1203 1200 1284 conJ'ec-

135 1312 205 1370 tura
218 1308 314 1372 nimis
329 1309 447 1390 placet,
465 1315 501 1372 ut
516 1308 583 1391 ipse
602 1327 709 1373 meam
727 1309 766 1373 de
784 1311 873 1370 Ἀετοῦ
891 1309 993 1372 minis
1011 1310 1200 1374 sententiam

135 1413 169 1475 in
192 1414 337 1478 medium
361 1415 540 1497 proferam,
570 1415 687 1496 quihus
708 1417 757 1479 vel
783 1433 904 1479 nomen
928 1415 1064 1480 defuisse
1083 1433 1200 1497 parum

135 1520 305 1583 verisimile
325 1526 387 1596 est,
406 1521 547 1584 cumbis
565 1521 599 1584 in
616 1521 800 1602 regionibus
817 1521 1016 1604 paucissimae
1031 1521 1128 1584 urbes
1145 1539 1202 1584 ex·

135 1626 270 1688 stiterint
294 1645 431 1708 quarum
455 1633 542 1689 tanta
564 1626 682 1688 rudera
703 1625 808 1690 adhuc
830 1627 1041 1708 reperiantur.
1069 1629 1113 1690 De
1137 1645 1201 1708 quo

134 1730 215 1792 nihil
240 1747 308 1794 esse
330 1729 483 1812 profiteor
510 1729 596 1812 quod
621 1749 680 1812 pro
705 1737 790 1794 certo
814 1730 909 1794 velim
934 1748 1100 1796 asserere:
1124 1731 1202 1813 quid

134 1837 280 1918 suspicer
302 1853 376 1898 vero
400 1842 431 1898 ct
455 1853 513 1917 ego
536 1835 650 1900 dicam.
678 1836 827 1901 Libenter
847 1855 886 1900 ex
908 1836 1037 1900 Homeri
1057 1835 1202 1899 versibus

135 1940 302 2004 crederem
324 1940 579 2022 antiquissimam
601 1941 813 2005 Ithacensium
835 1940 950 2005 urbem
973 1941 1017 2004 ita
1040 1941 1200 2005 conditam

135 2049 232 2112 fuisse
253 2053 288 2110 ut
308 2047 486 2129 hospitibus
505 2048 583 2112 urbs
603 2047 691 2131 ipsa,
709 2049 821 2112 incolis
841 2049 955 2113 domus
971 2048 1090 2112 ducum
1109 2033 1207 2112 facile*

135 2163 258 2238 pateret
276 2175 283 2220 :
300 2155 457 2238 populum
474 2156 562 2218 euim
578 2156 729 2220 adversus
745 2158 863 2221 vicinas
879 2163 989 2238 gentes
1004 2173 1100 2219 naves
1117 2173 1198 2231 suae,

135 2263 251 2328 ducem
267 2261 378 2346 populi
400 2264 511 2326 amor³
528 2263 601 2326 satis
621 2263 703 2326 tueri
720 2262 902 2342 videbatur3
920 2281 1025 2344 neque
1047 2263 1126 2326 adeo
1143 2281 1200 2326 rex

137 2370 276 2452 pollebat
290 2377 326 2434 ut
350 2388 425 2434 eum
448 2370 508 2434 sibi
533 2387 572 2434 ex
596 2389 669 2434 arce
691 2371 903 2436 munitissima
925 2369 1095 2432 imminere
1117 2369 1200 2434 cives

137 2477 289 2540 sinerent.

174 2585 289 2647 Postea
305 2601 380 2647 vero
396 2585 551 2667 populum
567 2585 800 2669 principemve,
817 2593 871 2650 aut
892 2593 1065 2668 utrumque
1086 2585 1197 2661 simul,

136 2690 245 2754 nimiae
266 2691 390 2754 fiduciae
408 2691 563 2772 poenituit.
588 2693 672 2756 llum
687 2693 780 2757 llium
800 2700 910 2756 contra
926 2712 965 2756 ex
981 2692 1144 2756 montibus
1160 2690 1200 2754 ad

136 2795 244 2860 littora
253 2797 352 2860 maris
369 2803 400 2860 et
411 2798 597 2861 Scamandri
614 2815 708 2879 agros
723 2798 1113 2878 descenderatlirynthos
1127 2815 1202 2861 vero

138 2903 285 2984 exemplo
309 2921 422 2983 quam,
444 2908 628 2984 expugnatu
644 2901 740 2963 nimis
763 2902 906 2976 facilem,
922 2900 1034 2963 incolae
1051 2901 1200 2963 deserue-

137 3014 223 3083 rant,
242 3014 278 3072 ut
292 3011 436 3090 Mycenas
450 3009 696 3091 proximamque
714 3009 868 3072 Larissam
886 3012 1096 3089 occuparent,
1115 3007 1201 3069 refu-

136 3129 211 3192 gere
229 3113 264 3176 in
287 3132 362 3177 saxa
379 3119 539 3196 praerupta
556 3113 634 3176 urbs
650 3113 778 3195 Ulyssea
794 3113 897 3195 potuit
916 3131 924 3178 :
946 3112 989 3176 ita
1008 3121 1044 3177 ut
1064 3113 1202 3195 populus

137 3237 169 3282 se
184 3227 298 3284 contra
312 3218 434 3298 hostes,
453 3239 510 3284 rex
523 3238 598 3284 vcro
615 3239 663 3297 se,
683 3238 810 3285 summo
832 3220 949 3284 montis
964 3221 999 3284 in
1016 3221 1180 3285 cacumine
1193 3271 1201 3298 ,

138 3334 249 3391 contra
267 3329 423 3410 populum
442 3328 593 3391 muniret.
611 3328 662 3404 At,
681 3329 745 3392 sive
764 3328 881 3410 Ulyssis
897 3328 1077 3411 nepotibus
1095 3334 1131 3392 ut
1145 3327 1203 3392 tuti

138 3435 327 3498 seditionem
350 3434 560 3510 refrenarent,
582 3434 645 3498 sive
665 3435 871 3499 Corinthiacis
887 3435 1008 3499 colonis
1032 3440 1067 3496 ut
1087 3449 1204 3495 novam

139 3540 391 3606 dominationem
409 3541 601 3618 stabilirent,
622 3542 710 3606 huuc
725 3543 839 3624 aquilae
854 3542 967 3606 nidum
982 3538 1140 3602 moenibus
1155 3536 1205 3598 in-

140 3652 263 3710 struere
284 3646 420 3728 placuit,
439 3663 494 3710 eos
516 3663 592 3710 sane
612 3665 672 3712 nco
693 3647 808 3712 vidisse
832 3648 988 3708 Homerus
1008 3641 1127 3724 potuit,
1144 3656 1204 3704 nec

141 3753 307 3835 descripsit
320 3753 354 3816 in
370 3752 518 3833 Odyssea.

175 3939 294 3991 1.Πᾶσαι
306 3940 388 4002 ἀγυιαί
401 3938 442 4002 (Il,
454 3941 518 4002 388),
531 3941 667 4005 εὐρύχορος
679 3939 771 4001 lxxtV,
784 3937 858 4002 lib).
871 3963 902 3972 —
912 3941 935 3985 2.
948 3938 975 3984 C.
988 3937 1029 3983 lll.

173 4020 197 4066 3.
212 4015 247 4066 Cf.
263 4017 312 4066 Od.
329 4018 360 4072 ll,
373 4020 492 4066 tao-tat.
506 4015 678 4067 Ithacensium
695 4030 738 4065 rex
751 4021 775 4064 et
787 4013 852 4063 idem
865 4018 937 4076 pater
946 4012 1049 4076 Ulysses
1064 4016 1127 4071 aut,
1143 4010 1208 4065 clau

142 4091 247 4151 ἄνασσε,
262 4093 343 4155 πατὴρ
354 4093 408 4148 δ’ὣς
428 4093 501 4150 ἤπιος
512 4093 564 4152 ὴιν.
