3046 4956
554 425 746 498 ...33-

235 574 241 657 J
265 577 287 638 r*
311 574 343 637 in
376 573 483 636 ltalia*
509 572 613 653 petit),
636 587 750 634 navem
768 587 864 632 suam
890 569 1010 650 appulit
1032 587 1096 632 nou
1114 561 1186 634 'rex'

234 702 237 715 ·
259 695 311 747 uin
324 679 454 754 Mentes,
471 695 566 759 quem
581 677 665 740 venti
680 694 884 758 quocumque
898 676 981 738 serre
993 676 1178 756 potuissent,

254 836 261 849 ,.
271 786 426 860 Minerva,
446 803 531 866 qna,
555 801 629 846 cum
648 783 824 865 prodiente
842 781 1091 863 baberisibique
1115 803 1181 846 non

250 890 315 962 elit,
333 907 408 952 eum
422 889 588 970 designare
603 895 731 970 portum
748 887 858 950 debuit
867 887 901 949 in
917 905 1013 969 quem
1026 888 1184 970 Taplliam'

244 1048 251 1070 ,
272 998 365 1060 ltaliae
396 1002 556 1078 petentem
583 1015 672 1072 oras,
697 995 856 1078 appulisse
882 1014 921 1058 ex
952 995 1181 1059 consuetudine

238 1101 286 1169 ile
301 1108 378 1164 erat
398 1103 478 1192 Cum
491 1119 565 1164 vero
575 1102 615 1165 de
632 1101 795 1181 utriusque
805 1106 915 1181 portus
929 1099 991 1162 situ
1004 1101 1091 1162 nulla
1103 1119 1181 1165 con-

233 1211 268 1281 ia
285 1210 407 1275 moveri
422 1210 536 1292 possit,
556 1211 708 1292 quoniam
731 1209 783 1272 hic
802 1210 836 1271 in
852 1209 1051 1283 occidentali,
1071 1211 1122 1274 ille
1148 1213 1183 1276 in
1261 1241 1263 1248 ,

232 1319 355 1386 trionali
381 1323 470 1399 parte
485 1318 597 1380 insutae
621 1316 811 1398 quaerendus
827 1323 891 1392 est,
918 1323 1040 1380 constat
1056 1336 1183 1400 quoque

224 1426 268 1493 ao
291 1424 369 1487 Neio
383 1423 571 1487 'habendum
595 1441 664 1488 esse
687 1431 832 1487 montem
857 1424 911 1504 qui
936 1424 1063 1504 utrique
1088 1425 1184 1490 simul

217 1506 275 1604 tet.
293 1511 390 1606 ¹Quod
407 1530 486 1592 milri
508 1538 553 1593 tot
570 1531 767 1612 argumentis
781 1530 854 1592 satis
871 1529 1042 1611 probatum
1055 1538 1089 1596 et
1105 1550 1183 1596 eon·
1214 1522 1220 1528 ’

223 1659 281 1702 um
297 1639 393 1702 tuisse
408 1637 542 1701 videtur.

193 1623 350 1935 Aroinde
386 1744 476 1807 urbis
499 1744 599 1826 ipsius
630 1744 726 1808 situm
755 1761 842 1808 nnnc
869 1743 1024 1806 homerici
1051 1763 1180 1820 versus,

244 1872 305 1926 ue,
332 1852 403 1914 licet
418 1851 556 1914 rariores
570 1858 754 1926 occurrant,
773 1849 970 1913 manifestius
988 1849 1112 1914 docent.

83 2031 104 2050 .
189 2025 191 2027 ,
208 1959 229 2022 ’1
242 1962 355 2040 jugum
372 1951 685 2038 silvaeoccupabant3
705 1957 782 2021 urbs
803 1957 906 2020 infra³
923 1958 1047 2021 condita
1064 1957 1181 2034 iuerat,

156 2076 159 2090 ¹
208 2066 371 2132 tamenin
400 2065 478 2147 ipsis
503 2065 620 2127 montis
645 2065 822 2140 radicibus,
849 2066 967 2147 quippe
991 2065 1183 2131 descendere

191 2183 317 2240 ¹cuntur
345 2175 462 2256 quiex
487 2173 569 2240 urbe
596 2191 708 2254 agros,
734 2173 854 2236 Laertis
871 2174 1014 2239 videlicet
1034 2176 1184 2241 hortum·

197 2292 241 2347 nt.

190 2391 229 2453 eii
243 2391 278 2454 in
295 2388 484 2460 declivitate,
512 2375 624 2449 saxum
642 2387 716 2449 satis
733 2388 962 2470 conspicuum,
988 2387 1074 2452 unde
1099 2391 1184 2454 muri

120 2472 124 2487 ¹
198 2497 300 2578 ntiqui
316 2495 495 2576 rusticaque
511 2491 630 2556 conditi
647 2493 766 2574 aliquot
787 2495 882 2557 etiam
902 2495 934 2557 in
952 2495 1056 2558 dumis
1073 2514 1186 2577 super-

110 2671 111 2674 ,
166 2591 207 2667 'es
217 2603 338 2684 lapides
350 2602 430 2663 freto
447 2599 626 2674 imminent,
643 2595 830 2663 altissimam
843 2609 1099 2684 extremamque,
1112 2620 1186 2666 ver·

189 2725 348 2783 occasum,
364 2689 452 2770 urbis
469 2713 593 2788 partem
610 2705 749 2769 indicare
766 2706 845 2769 mihi
862 2707 1067 2784 videbantur3
1087 2713 1199 2789 quam

102 2854 104 2871 ι
171 2820 289 2881 tionem
314 2815 529 2879 obtinentibus
552 2821 765 2896 opportunam
784 2814 920 2888 (σκοπιήν)
936 2815 1184 2896 speculatoribus

96 2932 101 2987 t
166 2921 358 3004 phalleniam
381 2919 476 2982 simul
506 2918 722 2998 Leucadisque
745 2917 858 2980 ssuctus
881 2919 1064 2999 prospicere
1088 2923 1183 2996 erat⁸‚

91 3000 98 3101 ζ’
157 3039 160 3046 ’
182 3026 339 3108 populum
361 3023 523 3086 incautum
553 3023 772 3104 opprimerent
794 3023 820 3084 si
846 3023 901 3104 qui
923 3041 994 3086 eam
1015 3042 1054 3087 ex
1075 3026 1193 3108 rapha

37 3202 40 3212 K
148 3133 270 3220 ericore
286 3131 452 3213 praedones
469 3135 599 3212 repente
614 3127 875 3210 aggrederentur.

28 3217 40 3256 ⁴
85 3224 88 3265 ¹
160 3239 238 3302 Hinc
271 3237 311 3299 ad
339 3253 434 3299 mare
457 3236 576 3299 sensim
603 3235 680 3298 urbs
711 3235 939 3313 descendebat,
968 3239 1100 3304 collibus
1131 3243 1187 3325 qui

148 3345 235 3406 cium
251 3342 383 3423 cingunt
399 3341 431 3403 in
445 3340 557 3403 orbem
571 3340 739 3423 imposita;
758 3343 844 3406 unde
872 3363 904 3407 se
922 3345 1057 3410 fontium
1074 3353 1104 3410 et
1118 3349 1200 3412 coeli·

69 3509 70 3512 ,
141 3469 209 3532 quae
234 3448 389 3512 trifariam
407 3433 549 3509 dividunt
571 3452 606 3508 ut
633 3449 721 3509 Potin
748 3456 857 3529 petant
882 3449 1134 3534 Rheithrumque
1157 3460 1188 3515 et

132 3557 222 3621 ittora
241 3573 312 3638 quae
329 3553 503 3617 continenti
520 3554 664 3635 opposita
688 3561 772 3620 sunt.
800 3555 835 3617 ln
857 3557 967 3618 vinetis
998 3575 1068 3638 quae
1085 3576 1185 3638 usque

54 3690 62 3706 -·
119 3661 159 3724 ad
185 3669 312 3760 portum
333 3659 561 3726 occidentalem
585 3659 705 3740 passim
722 3679 755 3722 se
780 3660 954 3722 extendunt
978 3661 1187 3742 quaerendum

54 3799 56 3824 3
131 3782 161 3807 a*

152 3933 174 3980 t.
197 3933 217 3985 l.
238 3931 292 3984 llio,
312 3942 367 3992 sqq.
387 3953 418 3964 —
437 3932 459 3978 2.
477 3927 559 3978 Strab.
581 3930 622 3986 Vl,
642 3942 668 3993 p.
688 3927 993 3988 255.-3.ct.1.186.
1016 3932 1058 3989 ΙΙΙ,
1079 3935 1118 3990 at.
1134 3933 1187 3996 jam

121 4003 256 4143 (eph-3623
279 4005 361 4061 lxlv,
378 4007 431 4054 tos.
446 4027 476 4039 -
496 4008 519 4053 5.
539 4003 584 4051 Ubi
604 4003 710 4053 tortasse
727 4017 860 4067 procorum
881 4003 1052 4068 speculatores
1068 4006 1189 4059 sedebant

1010 4186 1029 4244 3
