3046 4956
599 449 794 517 ..ῃ-

157 623 312 705 cujusque
330 620 457 704 generis
479 637 592 702 greges
617 620 790 702 poscebant
813 621 930 704 Ulyssis
956 625 1038 686 servi
1051 627 1072 702 ¹,
1095 635 1223 691 exortus

156 737 222 803 est,
246 746 329 812 pone
352 725 598 810 septentrionale
622 727 831 808 Cephallenia
858 731 1132 811 promontorium,
1156 751 1223 797 nou

156 836 269 916 procul
286 852 305 898 a
320 834 478 910 Leucade,
500 832 623 898 occidit.
646 833 748 898 Omne
771 834 869 916 igitur
888 835 1005 916 Ulpssis
1026 854 1163 918 regnum
1185 857 1225 903 ex

155 941 287 1016 ordine,
319 958 437 1022 nempe
466 940 683 1004 coutinentem
716 941 822 1022 primo
848 959 1025 1024 parvasque
1050 945 1224 1009 continenti

155 1048 355 1112 adhaerentes
370 1047 490 1110 insulas
498 1047 519 1121 ¹,
534 1063 626 1121 mox,
643 1045 726 1109 ultra
738 1047 897 1124 Neritum,
916 1047 1051 1112 Dulichii
1064 1068 1138 1114 saxa
1152 1051 1226 1114 riri-

155 1155 328 1237 dantiaque
348 1153 479 1218 Acheloi
495 1154 651 1238 pascua⁸3
671 1151 874 1228 inaceriam,
894 1154 934 1217 ad
951 1162 1126 1220 extremam
1146 1175 1223 1239 par·

156 1267 222 1323 tem
238 1261 309 1324 freti
322 1259 407 1342 quod
422 1265 551 1342 portum
565 1259 639 1322 urbi
653 1259 829 1342 prebebat,
844 1259 958 1324 divine
971 1260 1088 1325 Elidis·
1099 1262 1222 1340 littora,

153 1368 311 1450 denique,
330 1371 413 1433 ultra
431 1369 592 1431 excelsum
609 1369 719 1430 Sames
740 1373 899 1443 montem,
916 1369 1067 1451 Zacynthi
1090 1387 1223 1434 nemora

155 1475 335 1556 perlustrat.
363 1475 470 1537 Solam
494 1491 569 1538 vero
593 1473 732 1537 Ithacam
757 1473 791 1536 in
818 1474 932 1538 itincre
958 1474 1049 1556 quasi
1072 1475 1222 1558 negligit,

152 1581 267 1644 ceteris
289 1581 400 1645 insulis
422 1582 631 1648 remotiorem
647 1599 757 1644 versus
771 1581 919 1646 tenebras
940 1583 1141 1664 (πανυπερτάτη
1159 1585 1224 1666 πρὸς

152 1687 256 1769 ζόφον),
279 1687 409 1768 jamque
426 1687 605 1769 ingruentis
620 1686 723 1749 noctis
738 1687 873 1768 caligine
897 1705 997 1769 prope
1018 1687 1191 1752 involutam
1200 1691 1221 1765 ⁸,

150 1789 246 1866 dum,
268 1809 325 1854 seu
343 1790 465 1854 oriente
482 1790 620 1865 Aurora,
643 1809 701 1854 seu
716 1790 906 1854 ascendente
923 1799 954 1853 et
969 1797 1124 1871 regnante
1144 1792 1221 1868 sole,

152 1899 236 1976 (πρὸς
251 1900 293 1970 ἠῶ
309 1898 334 1956 τ’
347 1898 436 1970 hebeto
457 1903 503 1972 τε)
525 1896 594 1960 aliae
615 1897 708 1979 plane
728 1897 851 1960 lumine
874 1897 1009 1977 perfusae
1028 1903 1112 1961 sunt.
1138 1897 1217 1962 Itha-

148 2023 226 2069 cam
242 2022 318 2068 vero
333 2005 430 2079 ultra,
452 2005 571 2069 menia
591 2004 659 2085 jam
680 2022 747 2067 non
768 2010 814 2067 cst
831 2002 1056 2086 quodcumque
1077 2012 1221 2089 apparet,

150 2114 299 2178 barbarae
319 2121 427 2180 autern
448 2113 556 2198 jacent
577 2114 739 2194 regiones,
765 2113 907 2195 Taphos,
934 2113 1125 2195 praedonum
1147 2123 1222 2180 nota

150 2221 270 2294 sedes‘,
303 2227 372 2284 ater
402 2222 594 2294 continens⁷‚
624 2219 736 2283 lucidis
758 2219 886 2282 Graecia
914 2218 1007 2282 terris
1037 2221 1220 2302 oppositus,

151 2325 338 2408 Thesprotia
355 2325 472 2389 scilicet
494 2325 653 2408 inhospita
675 2325 727 2388 cui
744 2325 798 2388 dat
810 2324 884 2406 jura
903 2341 1017 2405 regum
1040 2326 1222 2390 crudelissi-

152 2451 226 2496 mus
242 2433 404 2507 Echetcs⁸,
424 2431 700 2512 formidolosaeque
723 2431 820 2494 Erebi
844 2431 981 2495 tenebra
1004 2449 1141 2512 quarum
1161 2451 1220 2516 pro

150 2524 310 2602 limine'et
323 2537 374 2601 ria
387 2539 507 2602 Leucas
521 2536 700 2601 habebatur
710 2537 730 2601 ⁰.

194 2653 224 2712 l.
240 2648 387 2712 Ceterum
402 2647 470 2728 ipsc
484 2645 679 2721 Voelkerius‚
697 2663 770 2707 eum
787 2643 907 2708 librum
925 2663 1021 2709 suurn
1037 2645 1217 2726 inchoaret,

149 2774 171 2818 a
186 2756 415 2835 cderoqrupbiu,
433 2754 465 2818 id
482 2762 528 2818 est
541 2753 686 2817 locorum
703 2752 929 2834 descriptione,
943 2757 1217 2834 cosmographiam,

149 2862 183 2926 id
208 2871 254 2925 est
279 2862 393 2925 mundi
413 2861 660 2942 descriptionem
682 2865 713 2921 et
733 2859 914 2933 scientiam,
934 2867 1080 2923 accurate
1099 2860 1219 2925 discre-

147 2977 237 3034 verat
253 2989 261 3034 :
280 2989 338 3034 cur
353 2988 419 3033 non
436 2967 533 3031 sensit
548 2965 634 3047 apud
657 2965 833 3026 Homerum
854 2963 983 3026 dubiam
1002 2970 1032 3027 et
1048 2966 1219 3029 obscuram

149 3075 280 3151 mundi,
296 3074 474 3138 fideliorem
483 3073 704 3153 verioremque
715 3070 861 3133 locorum
874 3087 943 3132 esse
958 3069 1215 3153 descriptionem,

148 3187 197 3257 et,
227 3181 489 3263 quotiescumque
517 3179 552 3242 in
580 3195 619 3241 eo
648 3175 892 3258 cosmographia
923 3182 955 3239 et
982 3177 1218 3263 chorographio

149 3289 234 3352 inter
258 3307 291 3351 se
318 3287 519 3364 dissentiant,
548 3303 656 3348 errare
691 3285 759 3347 sine
792 3285 1006 3348 controversia
1031 3303 1217 3368 cosmogra-

149 3395 284 3476 phiam?
302 3394 358 3458 Cui
372 3400 482 3458 contra
496 3393 564 3476 ipse
580 3411 698 3456 cacam
714 3391 792 3456 dare
807 3390 904 3455 fidem
919 3393 1043 3456 maluit.

188 3505 291 3582 Ergo,
313 3501 438 3565 etiarnsi
462 3505 581 3564 temere
607 3497 739 3562 omnino
756 3498 920 3562 intervalla
943 3499 1167 3572 restituissem,
1186 3505 1217 3560 et

149 3607 232 3671 male
249 3608 324 3683 soli,
341 3609 440 3689 ἠελίῳ,
455 3622 624 3681 auroram,
643 3603 811 3668 meridiem
830 3603 1064 3684 occidentisque
1084 3604 1216 3684 insuper

180 3816 202 3862 l.
219 3811 266 3860 Od.
279 3812 342 3868 XIV,
356 3814 398 3860 160
412 3823 467 3872 sqq.
483 3812 532 3860 -2
552 3808 650 3873 ἤπειρον
662 3806 850 3870 ἠδ’ἀντιπέραια
863 3803 906 3864 (ll.
919 3805 954 3861 11,
969 3801 1034 3865 635).
1045 3828 1077 3838 -
1089 3807 1112 3854 3.
1127 3803 1213 3854 Δουλί-

145 3903 199 3950 χιον
212 3887 365 3952 πολύπυρον,
376 3885 471 3942 nornen.
483 3883 541 3947 (Od.
550 3885 613 3940 XVI,
627 3884 693 3940 396).
703 3881 741 3930 Cf.
752 3885 812 3929 Euo.
824 3882 854 3929 C.
866 3905 896 3914 -
907 3880 932 3928 4.
946 3878 978 3927 ll.
992 3880 1023 3935 ΙΙ,
1037 3881 1094 3928 615.

176 3966 199 4012 6.
213 3966 249 4011 llo
261 3961 340 4024 magis
349 3960 417 4024 quod
430 3959 518 4009 orbem
529 3958 605 4020 paulo
617 3962 674 4006 ante
683 3961 785 4004 noctem
797 3953 888 4004 Neium
898 3953 953 4015 jam
965 3950 1103 4000 inumbrat.

175 4043 200 4087 6.
215 4038 262 4087 (ld.
275 4039 325 4094 XV,
336 4037 473 4092 llum,
485 4037 540 4084 4¹26.
550 4059 578 4069 -
588 4037 611 4082 l.
629 4031 676 4080 66.
688 4032 750 4088 xlv,
763 4034 806 4086 97,
819 4029 890 4085 XXI,
908 4029 961 4076 169.
975 4051 1003 4063 -
1016 4029 1041 4076 8.
1054 4027 1102 4076 od.
1113 4027 1211 4085 lell,

146 4114 216 4166 et-a.
233 4115 355 4162 tra-o.
367 4112 413 4161 ou.
427 4111 510 4163 xxiv,
526 4111 563 4157 n.

1033 4205 1052 4260 2
