3046 4956
584 455 779 524 ..31.„

192 607 257 670 Neo
281 603 379 684 regali
402 602 500 666 domo
521 602 620 665 multo
646 600 753 665 mInus
772 601 892 684 Imgriis
916 601 993 666 urbs
1021 603 1093 680 tuit,
1120 623 1215 687 quam

148 727 262 781 tamen
283 719 421 786 vastam,
450 710 598 794 plurimis
625 712 786 793 trajectam
816 711 874 774 viis
884 713 904 786 ¹,
936 711 1125 789 iilustrem’,
1151 714 1216 778 imo

152 825 237 888 bene
255 821 465 886 adificatom⁸
484 818 581 882 misse
599 819 758 882 Homerus
777 823 932 881 testatur:
956 817 988 882 id
1008 837 1083 882 vero
1100 821 1219 902 pariter

157 930 195 993 de
209 928 316 1003 omni,
337 927 387 990 rel
403 927 528 1008 ignota,
550 923 630 989 urbe
654 925 750 1006 vulgo
768 931 798 987 et
824 933 942 988 temero
967 925 1110 1003 diuitum,
1129 943 1217 1009 quasr

154 1035 256 1110 urbis,
273 1034 389 1098 domus
403 1033 499 1096 edam
512 1050 633 1096 nomen
646 1031 778 1112 adipisci
794 1047 861 1094 non
873 1031 970 1114 possit
985 1031 1139 1114 quidquid
1154 1052 1219 1097 uon

152 1139 239 1202 bene
254 1137 445 1201 aedificatum
457 1143 520 1213 ost;
538 1135 620 1199 bene
634 1141 759 1198 monim
774 1153 859 1210 vero,
881 1143 916 1199 ut
929 1137 1050 1218 Tiryns,
1067 1139 1222 1203 nuribus·

155 1262 196 1310 ve
218 1245 299 1310 bene
317 1245 436 1318 cincta,
455 1251 490 1308 ut
513 1243 622 1318 Ilium,
641 1242 743 1306 ithaca
759 1261 825 1307 non
840 1243 964 1307 dicitur.
982 1244 1223 1326 IndIgnabimur·

156 1371 238 1433 ergo
262 1352 306 1427 si,
337 1369 411 1424 cum
433 1351 552 1414 Priami
576 1357 607 1414 et
628 1351 761 1414 Menelai
785 1351 958 1434 splendidae
980 1353 1064 1416 tedes
1090 1355 1222 1418 omnino

156 1459 327 1541 perierint,
357 1463 466 1538 totque
497 1475 536 1520 ex
562 1456 786 1537 insignissimis
816 1457 987 1522 honrcrioae
1017 1460 1114 1524 urbes
1143 1460 1224 1525 adeo

157 1581 278 1628 eversas
301 1563 363 1626 sint
382 1569 418 1626 ut
442 1581 462 1624 a
487 1561 659 1624 viatoribus
676 1562 837 1625 incassum
858 1572 1057 1644 querantur,
1082 1567 1170 1634 nulla
1192 1569 1224 1630 in

157 1690 302 1755 paupere
316 1673 371 1735 illa
385 1672 490 1735 Ithaca
506 1671 641 1752 Ulyssem
658 1670 771 1734 domus
788 1677 818 1734 et
834 1672 922 1735 urbis
938 1673 1068 1754 vestigia
1085 1676 1225 1738 exstent!

159 1797 280 1860 easque
296 1796 364 1840 non
381 1777 455 1841 aiibi
467 1777 602 1842 inveniri
619 1777 713 1841 licere
736 1783 908 1840 statuemus
935 1796 1032 1860 quam
1054 1779 1110 1843 ubi
1126 1782 1228 1844 mitra>

159 1896 291 1954 exstant
303 1907 371 1952 non
381 1890 475 1954 modo
491 1890 592 1954 IIIaois
607 1889 709 1971 magis
724 1889 916 1971 conspicuae,
933 1891 988 1953 sed
1003 1890 1119 1973 quibus
1133 1891 1227 1956 etiarn

161 1994 352 2061 recentioris
369 1996 491 2060 Graeciae
507 1995 604 2060 urbes
621 1995 876 2072 florentissimos,
901 1995 1048 2076 Spartam
1066 1997 1183 2061 scilibet
1199 2004 1229 2060 et

161 2101 308 2176 Thebas,
327 2101 439 2165 cedere
455 2119 584 2183 equum
600 2100 700 2164 esset!

209 2216 240 2274 3.
261 2209 358 2270 Porro
381 2207 462 2271 nihil
484 2208 551 2289 jam
569 2208 671 2271 obstat
693 2207 771 2288 quIn
792 2206 907 2269 urbem
935 2207 1025 2289 cujus
1050 2209 1158 2273 minas
1175 2229 1230 2293 pe-

165 2313 260 2378 riisse
274 2312 441 2376 verisimile
458 2319 521 2389 est,
543 2331 610 2378 non
626 2332 665 2377 ex
680 2313 798 2387 ruinis,
818 2313 873 2375 scd
895 2331 932 2376 ex
948 2313 1094 2378 Iocorum
1113 2315 1230 2398 figura,

163 2420 402 2488 accuratissime
427 2421 468 2484 ab
493 2421 632 2485 Homero
649 2419 825 2501 descripto,
857 2421 1022 2484 restituere
1047 2427 1230 2488 tentemus:

164 2528 230 2593 loci
246 2526 333 2591 enim
350 2532 381 2589 et
395 2532 510 2589 natura
523 2527 631 2590 minus
646 2543 744 2609 quam
761 2543 859 2607 opora
875 2526 1057 2604 hominum,
1074 2545 1234 2609 quaecum-

166 2657 233 2721 que
250 2635 326 2709 sint,
345 2634 461 2697 mutari
477 2637 589 2701 soient.

211 2747 354 2830 Odysseae
367 2744 631 2830 descriptionibus
648 2741 768 2804 mimm
778 2741 812 2804 In
828 2741 962 2803 modum
979 2739 1151 2821 respondet
1166 2759 1235 2824 sep

165 2855 368 2918 tentrionalis
381 2853 435 2917 hic
451 2853 529 2916 situs
545 2849 584 2914 dc
598 2865 663 2929 quo
677 2847 800 2910 locutus
817 2862 906 2918 sum,
928 2845 1132 2926 facilioraque
1146 2847 1236 2910 iutel-

167 2962 255 3024 iectu
271 2961 344 3024 iacit
358 2979 396 3025 ea
413 2977 483 3041 quae
498 2957 530 3022 in
547 2959 694 3039 poemate
707 2955 891 3016 narrantur.

213 3067 305 3130 Urbis
321 3065 428 3149 portui
449 3064 525 3128 hius
538 3059 682 3125 Nerilum
696 3053 982 3145 impendetsillinc
1005 3054 1045 3119 ab
1062 3073 1101 3120 eo
1119 3055 1236 3139 Arges-

171 3181 240 3238 tam
256 3181 287 3238 et
302 3173 551 3258 septentrionem
567 3173 654 3232 arcet
669 3181 763 3228 mons
788 3163 953 3227 oacumIne
969 3164 1134 3240 humilior,
1152 3163 1238 3230 radi·

173 3279 264 3344 cibus
281 3281 387 3344 minus
408 3280 507 3352 latus,
530 3293 550 3339 a
570 3272 682 3338 ceterIs
699 3268 861 3334 montibus
886 3268 1028 3355 undique
1053 3278 1084 3335 ot
1107 3271 1239 3336 omnino

173 3388 354 3470 sejunctus,
371 3385 527 3467 demque,
546 3381 588 3445 ob
611 3379 750 3442 formam
775 3377 989 3458 singularem,
1007 3378 1097 3442 valde
1113 3379 1240 3462 conspi-

174 3511 266 3558 cuus.
283 3491 490 3574 Quacumque
513 3506 552 3551 er
569 3491 658 3569 parte
673 3484 760 3547 locos
774 3483 992 3565 prospexeris,
1009 3485 1051 3556 is,
1068 3483 1124 3547 ubi
1142 3502 1239 3566 appa-

177 3602 257 3677 ruit,
281 3601 389 3665 oculos
414 3597 562 3663 detinet:
589 3612 686 3678 quem
708 3593 822 3657 Neium
848 3609 917 3654 esse
942 3607 1083 3653 asserere
1107 3589 1240 3652 minime

179 3709 300 3773 dubito.

219 3813 360 3878 Plurima
376 3831 435 3876 nos
456 3809 602 3891 exempla
619 3808 734 3873 docent
748 3812 891 3878 montes,
913 3820 980 3866 non
997 3801 1038 3866 oh
1059 3801 1242 3883 amplitudi-

216 4062 237 4104 t.
249 4055 279 4112 11,
293 4055 347 4104 388.
357 4053 439 4110 XXIV,
450 4054 505 4103 487.
514 4079 542 4086 -
550 4056 573 4102 2.
583 4051 645 4107 XVI,
659 4052 713 4108 tto,
723 4047 806 4105 XXIV,
823 4049 874 4097 153.
885 4045 912 4081 ἕ·
923 4049 946 4094 3.
958 4045 1034 4101 XXII,
1047 4047 1087 4095 ⁵².

213 4133 237 4179 t.
249 4131 289 4186 VI,
303 4131 358 4186 bib,
372 4127 412 4184 IX,
425 4131 479 4186 533,
492 4129 577 4183 XXIII,
589 4130 644 4177 259.
