3046 4956
634 380 802 448 -.3..

179 518 332 584 diffidunt
345 522 478 585 orunina
493 539 501 584 t
516 539 582 586 non
598 539 670 586 eam
691 523 848 588 Homerus
866 525 959 588 nobis
979 527 1131 594 Graeciam
1150 551 1258 614 qnam·

179 645 223 690 ex
233 629 341 692 circini
350 629 526 694 rationibus
536 631 683 694 novimus
698 631 864 696 ostendere
874 633 986 714 poluit,
997 635 1169 716 pictoribus
1181 659 1247 704 ma·

178 735 233 814 gis
249 753 348 815 quam
363 737 555 818 geographis
570 737 851 816 annumerandus;
870 739 925 803 sed
942 758 1014 804 eam
1034 751 1119 808 certe
1141 752 1248 811 osten·

178 841 229 904 dit
244 861 343 923 quam
362 849 392 906 et
420 844 487 925 ipse
510 842 602 920 vidit,
629 851 660 907 et
684 861 744 908 nos
763 863 891 927 quoque
913 865 1028 928 parum
1046 849 1248 918 immutatam

82 989 89 998 -
178 949 284 1012 oculis
297 950 443 1014 vidimus.
456 951 531 1024 Quae
545 952 666 1033 species
681 950 849 1034 diligenter
860 971 1011 1035 expressa
1026 957 1122 1020 fuisse
1135 977 1250 1041 agnos·

178 1062 284 1132 cetur,
302 1074 361 1120 nec
377 1074 436 1120 nos
458 1057 561 1134 fallet,
579 1057 607 1120 si
625 1057 723 1124 modo
741 1075 812 1120 eam
838 1075 896 1140 pro
914 1077 988 1123 vera
1002 1079 1115 1151 rerum
1132 1056 1253 1146 specie‚'

178 1179 251 1226 nou
262 1181 321 1245 pro
334 1164 403 1246 ipsa
418 1165 549 1228 veritate
566 1165 683 1228 ducere
700 1165 936 1230 contendimus,

223 1273 254 1330 3.
273 1269 333 1332 Ubi
347 1287 366 1332 a
382 1279 467 1332 terra
484 1287 517 1332 se
533 1269 661 1344 tollere,
680 1269 860 1350 coelumque
878 1269 996 1352 ipsum,
1013 1274 1079 1337 imo
1096 1293 1248 1340 arcanam

178 1375 296 1440 mundi
312 1377 578 1458 compositionem
597 1382 628 1439 et
646 1381 839 1440 structuram
859 1377 986 1459 penitus
1011 1378 1168 1462 inspicere
1193 1401 1249 1446 co·

177 1489 294 1556 natur,
314 1483 406 1546 nobis
427 1485 476 1546 vel
491 1483 523 1546 id
545 1488 630 1546 recte
648 1489 679 1545 et
697 1483 791 1564 plane
809 1482 996 1564 dignoscere
1022 1485 1098 1566 quid
1116 1489 1249 1552 senserit

178 1585 379 1670 perarduum
395 1594 441 1651 est
459 1607 467 1651 ε
495 1605 591 1669 quam
606 1605 697 1662 vero,
716 1605 791 1650 cum
807 1587 847 1651 de
864 1590 1108 1672 cosmographia
1124 1600 1247 1674 agatur,

175 1695 398 1758 anctoritatem
418 1693 562 1758 obtinere
576 1701 691 1775 posset,
711 1713 805 1769 cum,
823 1695 1052 1776 posterioribus
1073 1697 1168 1762 etiam
1189 1717 1246 1762 sae-

174 1797 272 1872 cerlis,
292 1804 413 1860 tantum
430 1816 449 1861 a
462 1815 538 1861 vero
549 1798 661 1862 Strabo
676 1799 726 1862 vel
739 1799 927 1864 Ptolemaeus
941 1801 1134 1866 erraverint?

220 1905 320 1968 Porro
340 1911 371 1968 et
384 1906 418 1968 in
438 1913 598 1969 terrarum
615 1906 847 1988 descriptione,
865 1908 965 1971 nimia
981 1909 1050 1990 ejus
1065 1909 1246 1973 testimonio

176 2012 261 2076 tides
277 2012 424 2075 adhibita·
434 2019 491 2088 est,
510 2013 682 2094 pluresque
695 2031 809 2077 rursus
826 2032 925 2096 quam
942 2014 1097 2078 decuisset
1110 2018 1180 2098 ejus
1193 2034 1245 2079 er·
1313 2065 1320 2084 ,

175 2117 309 2182 roribus
334 2119 404 2182 lites
423 2119 622 2194 dictasunt,
647 2119 702 2201 qui
720 2119 838 2183 erravit
852 2120 1032 2184 necessario
1051 2121 1174 2202 quoties
1199 2141 1248 2185 re-

170 2226 291 2306 giones
312 2224 477 2306 descripsit
501 2231 556 2288 aut
576 2241 646 2288 ase
672 2225 780 2288 minus
805 2233 915 2302 nolas,
933 2234 989 2290 aut
1004 2226 1132 2291 latiores
1149 2247 1246 2310 quam

175 2350 251 2413 quae
267 2351 333 2396 nno
350 2338 481 2413 aspectu
497 2331 726 2413 comprehendi
741 2339 881 2413 possent.

218 2441 283 2504 Nec
298 2440 374 2503 satis
395 2439 538 2521 intelligo
554 2455 613 2502 cur
629 2440 720 2504 toties
743 2440 777 2504 in
792 2440 846 2522 jus
862 2447 991 2506 vocetur
1007 2459 1081 2506 cum
1098 2442 1138 2505 de
1153 2441 1245 2506 itine-

174 2565 253 2610 rum
278 2547 477 2628 longitudine
503 2546 779 2629 provinciarumve
797 2547 900 2627 figura
921 2555 951 2611 et
975 2549 1094 2612 smibus
1111 2567 1162 2614 res
1178 2549 1243 2614 sit:

172 2672 239 2717 cur
260 2653 346 2716 enim
369 2652 410 2716 ab
439 2654 580 2716 Homero
602 2652 722 2716 discere
744 2653 892 2716 volumus
921 2654 1007 2735 quod
1036 2655 1104 2736 ipse
1120 2655 1245 2720 novisse

174 2777 245 2822 non
261 2757 382 2840 potuit?
397 2759 428 2822 Si
445 2758 514 2840 ejus
530 2758 639 2822 oculos
657 2758 741 2820 falsis
755 2758 950 2839 imaginibus
965 2760 1111 2824 luserunt
1125 2758 1241 2834 littora,

172 2882 250 2946 quae
264 2881 431 2946 nunquam
448 2864 488 2927 ab
509 2865 572 2926 alto
594 2865 700 2944 qualia
723 2869 796 2925 sunt
817 2863 1073 2944 prospiciuntur;
1100 2864 1143 2939 si,
1168 2881 1242 2930 curn

175 2971 239 3037 iter
250 2971 385 3052 longum
396 2970 595 3034 narrandum
609 2975 705 3044 esset,
725 2969 808 3031 mele
825 2968 971 3032 meminit
986 2969 1108 3050 quoties
1122 2987 1142 3032 a
1157 2977 1243 3034 recta

174 3078 225 3141 via
239 3084 270 3141 et
284 3095 439 3160 quorsum
449 3077 602 3141 inflexum
616 3075 727 3152 iueril3
744 3074 770 3138 si
782 3077 928 3156 regiones
940 3074 1045 3156 reipsa
1058 3073 1241 3156 indigestas,

173 3189 297 3270 quippe
310 3205 381 3270 quae
394 3194 449 3252 aui
463 3194 578 3252 natura
591 3187 746 3270 plurimas
760 3186 796 3248 in
808 3185 914 3259 valles,
933 3192 988 3248 ant
1003 3190 1087 3248 sorte
1104 3185 1243 3267 plurima

175 3294 210 3357 'm
225 3308 328 3376 regna
350 3293 455 3358 divisa
472 3300 597 3368 essent,
616 3293 683 3374 ipse
704 3291 840 3356 obscure
860 3289 1027 3374 descripsit
1050 3309 1057 3354 :
1082 3308 1161 3354 num
1182 3309 1242 3356 nos

173 3398 205 3464 id
222 3401 335 3464 mirari
352 3398 457 3476 decet,
476 3400 531 3482 qui
557 3398 712 3481 quotidie,
731 3399 790 3462 elsi
806 3405 851 3462 tot
872 3397 1040 3461 nobiscum
1058 3397 1242 3480 descriptio·

66 3503 68 3506 ’
174 3526 232 3572 nes
246 3507 397 3570 itinerum
416 3506 616 3587 tabulasque,
642 3504 884 3586 diligentissime
902 3511 933 3566 et
950 3503 1141 3584 peritissime
1162 3503 1239 3564 deli-

175 3622 294 3687 neatas‚
314 3622 437 3678 vectare
454 3613 578 3678 assidue
595 3612 808 3696 potuerimus,
827 3610 980 3692 ancipites
997 3617 1105 3701 tamen
1121 3608 1240 3670 steteri-

176 3739 249 3786 mus
264 3723 295 3785 in
314 3723 470 3804 compitis,
487 3709 733 3804 navigantesque
756 3719 868 3799 saepius
884 3717 930 3778 vel
947 3723 1021 3776 nota
1038 3714 1143 3776 littora
1160 3713 1238 3776 laiso

175 3828 306 3892 nomine
323 3827 587 3890 salutaverimus?

215 3936 381 3998 Homerica
397 3954 469 3997 vcro
487 3941 590 4008 relate,
613 3933 689 4016 quid
707 3931 792 3996 alind
811 3928 946 4001 novisse,
965 3925 1042 4014 quid
1056 3925 1236 3990 describere

173 4049 318 4104 accurate
339 4043 471 4104 viatores
490 4042 683 4123 pictilissent‚
704 4040 764 4102 uisi
782 4043 892 4118 portus
910 4034 1087 4108 alimales,
1114 4033 1238 4096 Cretam
