3046 4956
441 1070 601 1163 CAPUT
648 1068 929 1149 SECUNDUM.

227 1335 323 1381 GELLll
343 1335 380 1381 ull
402 1334 484 1381 uuurs
505 1335 642 1382 Ulrssms
663 1335 728 1381 Sl'l'U
749 1335 927 1382 hirmuinus
948 1335 1140 1384 conruerunt.

192 1571 219 1625 l.
238 1562 273 1623 ln
285 1567 349 1624 tam
363 1559 452 1625 brevi
469 1561 569 1643 spatio
586 1561 635 1623 vel
652 1561 786 1624 minime
796 1561 978 1642 singulatim
994 1563 1150 1626 Homerus
1163 1563 1217 1627 de-

147 1667 292 1750 scripsit,
311 1685 371 1730 nec
387 1668 430 1730 ito
446 1673 554 1731 tumen
570 1674 606 1731 ut
620 1666 728 1729 omnia
743 1666 834 1729 facile
847 1667 976 1747 agnosci
992 1667 1114 1749 possint
1131 1683 1140 1732 τ
1157 1669 1217 1732 Ne·

149 1774 248 1836 ritum
263 1792 339 1838 sane
353 1773 577 1856 conspicuum,
590 1771 764 1854 Phorcynis
775 1779 904 1854 portum
920 1773 960 1836 ab
975 1774 1125 1838 omnihus
1138 1793 1215 1839 ven-

148 1881 187 1942 tis
205 1877 383 1956 defensum,
409 1879 628 1960 Nympharum
649 1878 847 1960 speluncam,
866 1881 1029 1943 Arethusae
1047 1882 1167 1944 iontem
1185 1885 1216 1946 et

148 1985 240 2049 Corvi
254 1993 388 2068 petram,
408 1987 476 2048 hoec
493 1985 611 2060 omnia,
631 1985 737 2066 qualia
754 2003 791 2047 eu
810 1992 900 2067 poeta
912 1986 1031 2069 pinxit,
1051 1993 1082 2049 et
1098 2005 1157 2050 nos
1173 1987 1217 2050 vi·

147 2111 240 2156 suros
257 2111 386 2176 sperare
402 2111 588 2176 possumus;
608 2092 663 2156 sed
680 2093 841 2173 quomodo
859 2096 1053 2175 poterimus,
1072 2095 1155 2158 inter
1171 2101 1216 2159 tot

147 2198 273 2274 fundos
288 2198 387 2280 peris,
399 2197 466 2262 ficis
482 2204 514 2261 et
527 2197 620 2260 vinea
636 2197 754 2279 puriter
766 2196 1060 2275 luxuriantes1,nec
1078 2201 1215 2265 multum

148 2303 298 2366 distantes
313 2323 331 2367 a
351 2305 460 2380 mari¹,
478 2321 582 2367 unum
596 2321 636 2367 ex
653 2304 721 2368 aliis
738 2305 869 2368 hortum
889 2305 1004 2388 eligere
1026 2307 1077 2370 cui
1097 2307 1221 2372 Laertis-

148 2427 268 2472 nomen
288 2408 461 2474 reddatur?

187 2515 219 2578 Si
236 2533 328 2592 vero,
341 2521 422 2579 'cum
435 2516 590 2598 plurimos
602 2521 713 2598 portus
722 2515 826 2579 insula
838 2515 969 2592 haheat,
984 2524 1112 2600 portum
1126 2519 1216 2582 urbis

148 2627 202 2684 aut
224 2621 434 2697 Rheithrum,
459 2622 485 2685 si
510 2622 620 2688 lucum
641 2622 797 2704 Apollinis
821 2622 1007 2705 fontemque
1031 2623 1071 2686 ab
1100 2625 1216 2704 Ulyssis

148 2729 271 2810 proavis
283 2736 454 2806 structum,
471 2736 525 2793 aut
533 2731 681 2794 Mercurii
695 2730 809 2793 collem
819 2733 990 2812 ipsumque
1000 2730 1114 2794 Neium
1129 2733 1215 2812 quod

147 2836 220 2898 urbi
235 2835 383 2900 imminet
397 2837 538 2918 reperire
563 2839 595 2899 in
611 2836 719 2899 animo
733 2836 901 2911 hebemus
919 2853 1048 2898 necesse
1065 2845 1111 2900 est
1127 2839 1215 2918 prius

147 2943 272 3006 novisse
289 2961 351 3024 qua
367 2943 400 3006 in
418 2951 507 3026 purte
524 2943 636 3006 insulae
645 2941 723 3003 urbs
737 2941 795 3003 sita
807 2941 912 3004 luerit.

187 3047 305 3110 Athaee
318 3049 422 3112 adhuc
440 3048 557 3130 pendet
577 3046 806 3120 controversia,
835 3051 1033 3127 repertuque
1057 3045 1216 3112 diffieilior

149 3155 182 3216 in
203 3154 308 3217 insule
323 3156 417 3231 urbs,
438 3173 535 3236 quam
549 3153 653 3216 insula
668 3153 702 3214 in
720 3158 817 3234 ponto
835 3161 912 3216 eret.

182 3269 213 3324 Ξ.
232 3262 359 3324 Constat
382 3281 421 3325 ex
444 3261 575 3325 diversis
597 3259 785 3324 testimoniis
809 3260 916 3342 plures
939 3260 1091 3324 fuisse'in
1113 3262 1218 3326 insule

147 3367 255 3440 urbes,
287 3368 426 3430 Ithacam
447 3366 608 3442 videlicet,
641 3366 872 3448 Polyetorium³
897 3367 1215 3452 Alalcomenasque⁴;

147 3490 286 3552 quarum
307 3491 406 3536 unam
425 3479 550 3536 tentum
576 3474 733 3537 Homerus
762 3474 863 3550 novit;
889 3493 949 3537 nee
976 3492 1049 3536 eam
1066 3474 1217 3554 peculiari

146 3579 280 3642 nomine
299 3598 435 3662 usquam
453 3579 597 3662 designat
612 3598 619 3642 :
636 3579 722 3644 unde
739 3580 869 3644 eredere
886 3586 933 3643 est
951 3579 1038 3641 idem
1055 3579 1151 3641 fuisse
1169 3577 1217 3640 in-

148 3685 224 3748 sulae
241 3692 272 3749 et
285 3686 375 3750 urhis
390 3675 521 3751 nomen.

182 3876 202 3916 ι,
222 3868 279 3928 ou,
302 3871 385 3928 xxiv,
403 3873 515 3928 meru,
539 3883 606 3934 pass.
629 3897 660 3907 -
683 3875 706 3921 2.
725 3872 759 3920 ut
784 3883 813 3918 ex
835 3869 919 3926 xxrv,
936 3871 1010 3920 soe-s
1024 3853 1215 3933 conjiciturscr.

147 3943 224 3994 eiiam
237 3948 256 4002 I,
272 3949 324 4004 190,
337 3951 396 4004 193;
409 3949 471 4004 XVI,
485 3949 537 3999 150.

179 4025 203 4070 3.
221 4024 293 4072 Eust.
309 4023 676 4086 ou.,xv11,u‹u;mpm.ma
696 4037 731 4080 u..
746 4040 766 4072 s.
779 4037 802 4071 v.
816 4020 959 4084 Ποὶύκτωρ.

179 4103 203 4150 l.
222 4098 306 4163 Steph.
317 4102 388 4163 Byz„
402 4115 422 4148 s.
432 4115 455 4149 v.
466 4100 503 4148 cl.
517 4099 597 4150 Strab.
610 4106 635 4149 et
650 4100 717 4148 Plut.
731 4099 796 4148 inira
806 4097 903 4148 citatos.
