3046 4956
727 454 921 520 ...⁶20-

291 606 446 682 quereret
462 599 629 674 colonos¹,
646 597 701 678 qui
718 595 876 662 desertam
892 596 1051 662 Ithacam’
1073 607 1278 682 occuparent.
1298 599 1358 665 Sed

290 706 482 770 recentiores
498 706 557 770 hos
571 705 691 768 incolas
703 703 743 766 ad
757 705 885 768 easdem
897 705 1027 769 virtutes
1041 711 1126 769 terra
1136 707 1249 770 eadem
1262 709 1360 772 insor-

290 813 403 889 mavit;
422 813 584 894 nullaque,
601 809 711 873 hocin
728 810 825 886 mari,
843 811 947 874 insula
965 817 1020 886 est,
1037 811 1127 893 cujus
1144 813 1226 876 cives
1241 813 1358 878 laboris

290 920 494 1000 patientiores
517 916 704 992 videantur,
732 922 786 980 aut
805 935 876 999 quae
896 918 1006 1000 plures
1028 937 1125 982 naves
1156 919 1360 984 instmrerit¹

290 1025 482 1107 ditioresque
498 1042 538 1088 ex
551 1041 628 1105 agro
643 1029 708 1086 tam
725 1023 799 1087 exili
816 1025 923 1106 fruges
936 1025 1074 1107 colligat.
1091 1025 1157 1088 Nec
1170 1025 1359 1090 seditionem

289 1131 487 1206 Ithacenses‚
510 1147 570 1192 nec
585 1129 655 1193 lites
672 1131 813 1208 amant⁸3
833 1131 909 1212 quid
932 1131 972 1195 sit
995 1131 1097 1195 scelus
1123 1133 1359 1214 propemodum

289 1237 451 1314 nesciunt3
469 1237 564 1318 idque
579 1236 683 1300 adhuc
697 1236 758 1300 dici
774 1243 877 1318 potest
891 1237 977 1320 quod
993 1239 1117 1318 Ulysses
1132 1237 1171 1302 de
1185 1237 1287 1320 patria
1299 1257 1359 1302 sua

289 1344 432 1426 profiteri
452 1343 658 1426 gloriabatur,
686 1344 841 1426 optimam
863 1344 973 1427 populi
997 1344 1160 1409 altricem⁸
1180 1363 1250 1410 esse
1273 1346 1359 1409 hanc

289 1457 426 1528 terram,
444 1450 510 1516 imo
526 1450 555 1514 ei
569 1467 661 1514 suam
678 1467 805 1532 semper
821 1451 995 1515 Minervam
1011 1450 1129 1516 favere.

322 1699 343 1747 l.
356 1699 426 1745 Anno
439 1708 512 1745 univ.
523 1696 559 1745 Cl.
573 1697 653 1754 liure.
666 1702 685 1746 t.
700 1699 721 1754 1,
735 1709 757 1747 c.
768 1697 792 1746 l.

320 1773 343 1820 2.
356 1772 406 1828 Τὴν
421 1770 512 1836 ιρημην
524 1770 624 1830 Ἰθάκην
637 1769 755 1833 (handel.
770 1771 868 1822 Choats
881 1768 972 1832 popul.
984 1771 1014 1819 de
1026 1769 1053 1820 lo
1064 1767 1146 1828 Galae,
1158 1773 1179 1819 t.
1192 1773 1212 1827 1.
1226 1784 1252 1834 p.
1269 1771 1333 1833 llll.

319 1851 342 1898 3.
361 1850 416 1897 Non
427 1845 511 1895 miuus
520 1859 564 1894 sex
574 1851 600 1895 et
610 1846 716 1909 triginta
725 1844 823 1909 magnis
834 1844 941 1896 naribus
955 1846 1038 1909 Votlrp
1050 1844 1159 1896 habebat
1169 1858 1229 1894 cum
1237 1859 1294 1896 eam
1305 1845 1356 1896 ite·

288 1934 346 1973 rum
359 1933 424 1970 anno
437 1933 571 1970 uoccccnr
582 1918 668 1969 invisi.

319 1999 343 2048 t.
361 1995 398 2045 Ab
408 1993 507 2058 hospite
518 1999 543 2044 et
551 1993 633 2044 amico
644 1994 754 2058 quodam
764 2006 829 2052 meo,
842 1993 886 2058 qui
895 1993 991 2058 judicis
1002 2005 1107 2043 munere
1116 1993 1143 2044 in
1152 1999 1261 2060 utraque
1272 1994 1357 2046 insula

289 2072 393 2121 iunctus
406 2074 468 2126 erat,
479 2068 504 2117 id
515 2068 643 2132 accepisse
654 2068 772 2124 memini,
787 2082 837 2118 nou
849 2075 889 2119 tot
899 2068 993 2120 lthacae
1003 2068 1030 2116 in
1042 2080 1108 2118 anuo
1117 2069 1217 2134 integro
1230 2083 1306 2134 quam
1318 2069 1357 2118 ri·

288 2145 353 2210 giuti
362 2143 453 2193 diebus
467 2142 635 2206 cephalleniae
650 2143 749 2208 judicia
762 2143 887 2208 judicari,
899 2158 959 2195 oum
971 2143 1133 2209 Cephallenia
1142 2150 1229 2196 tamen
1241 2145 1356 2196 Ithacam

288 2231 339 2272 nou
351 2217 486 2285 quinquies
495 2218 635 2270 incolarum
646 2234 751 2270 numero
764 2221 878 2274 excedat.

320 2300 343 2346 5.
365 2293 451 2357 Ἀγοθὴ
461 2295 627 2360 κουροτρόφος
639 2295 698 2357 ῑθά.
710 2298 752 2355 lx.
763 2295 814 2358 tt).-
