3046 4956
727 380 920 452 *lp-

291 526 435 612 pluribus
452 527 575 596 indiciis
601 547 681 611 opus
707 539 752 591 est
775 536 829 604 ut,
847 529 958 610 procul
984 531 1023 593 ab
1051 533 1128 594 urbe
1154 551 1214 596 nec
1242 532 1358 597 eadem

290 637 401 701 insulae
424 637 456 700 in
478 642 578 718 parte,
598 653 670 699 oras
695 654 876 717 queramus
903 655 982 717 quas
1006 636 1135 719 tetigere
1168 633 1292 720 Ulysses
1325 648 1360 704 et

290 727 508 818 Telemachus,
526 743 663 806 reditum
680 763 774 807 suum
796 744 994 808 dissimulare
1018 747 1134 818 coacti,
1158 746 1360 830 domumque

290 851 344 914 ubi
363 852 517 914 ultionem
537 857 656 914 secreto
674 857 880 932 paraverunt,
901 870 998 932 qnam
1014 853 1203 935 neutiquam
1225 872 1360 935 sperare

290 959 439 1033 licuisset,
456 959 482 1020 si
499 958 570 1038 quis
585 975 697 1020 eorum
720 959 935 1039 praesensisset
953 958 1132 1021 consilium.

331 1073 359 1128 2.
384 1065 531 1127 Ceterum
553 1081 713 1144 nusquam
735 1063 824 1145 prius
842 1064 874 1125 in
900 1069 1045 1146 poemate
1069 1065 1164 1128 verba
1187 1064 1357 1140 lucidiora,

290 1191 394 1253 neque
411 1172 565 1234 ininsula
585 1171 647 1234 loci
664 1171 771 1252 agnitu
790 1171 946 1234 faciliores
963 1172 1164 1253 contigerunt
1183 1189 1190 1233 :
1208 1171 1355 1235 Telema-

291 1277 398 1353 chum,
417 1296 436 1342 a
452 1278 527 1359 Pylo
544 1279 773 1360 profecturum,
794 1277 893 1348 l’allas
919 1283 1029 1340 monet
1043 1283 1088 1352 ut,
1113 1276 1215 1341 vitatis
1231 1277 1356 1352 insulis,

290 1401 404 1444 navem
419 1381 460 1445 ad
477 1399 567 1445 oram
582 1381 762 1463 proximam
779 1378 927 1463 appellat,
947 1381 1032 1464 apud
1049 1383 1215 1445 Eumaeum
1234 1381 1357 1445 dormi-

291 1490 406 1565 turus'3
424 1489 465 1550 ab
479 1505 536 1550 ora
545 1505 619 1550 vero
631 1487 663 1550 in
675 1504 774 1566 quam
783 1485 914 1567 appulit,
929 1493 1070 1549 actutum
1086 1488 1210 1551 subulci
1220 1489 1355 1568 domum

287 1593 411 1674 juvenis
433 1593 534 1676 petit¹.
553 1589 690 1655 Aliunde
713 1591 832 1654 scimus
856 1598 1032 1654 extremam
1058 1592 1218 1656 insulam³
1231 1593 1271 1656 ab
1289 1593 1355 1655 liu-

291 1717 372 1763 rnaeo
394 1699 540 1763 habitari.
569 1699 727 1761 Punctum
744 1716 820 1778 ergo
843 1696 1000 1760 habemus
1026 1698 1068 1760 ita
1087 1692 1191 1762 lucide
1211 1699 1357 1780 designa-

285 1813 359 1868 tum
377 1805 512 1888 quamsi
529 1805 593 1867 duo
606 1804 652 1867 ibi
668 1821 737 1867 sese
754 1821 772 1866 a
796 1803 916 1866 circino
934 1802 1097 1884 descriptae
1113 1805 1206 1868 lineae
1222 1805 1356 1866 interse-

292 1915 441 1978 coissent.

332 2021 410 2094 bno,
431 2021 544 2101 reipsa,
560 2026 703 2082 extrema
719 2019 753 2080 in
770 2017 885 2092 insula,
900 2035 1009 2079 versus
1028 2017 1187 2080 Auroram
1204 2024 1235 2080 et
1255 2016 1354 2094 Elida,

291 2125 382 2188 statio
397 2126 502 2205 aliqua
519 2133 566 2187 est
586 2125 641 2188 ubi
660 2124 832 2188 consistere
849 2123 937 2186 navis
952 2124 1064 2204 potuit,
1085 2124 1283 2206 priusquam,
1302 2104 1359 2186 inl

292 2231 395 2293 sulam
409 2237 439 2293 et
456 2231 571 2292 Neium
588 2228 901 2310 circumnavigando,
919 2229 979 2291 iter
996 2229 1035 2292 ad
1052 2229 1167 2292 urbem
1191 2237 1358 2310 pergeret;

291 2354 351 2400 nec
365 2338 476 2418 procul
497 2355 515 2399 a
531 2337 646 2408 littore,
666 2335 801 2416 obrupta
819 2340 908 2415 petra
925 2334 1037 2414 surgit,
1061 2333 1147 2396 unde
1167 2352 1250 2416 aqua
1264 2335 1358 2398 stillat

291 2445 387 2519 lenta,
404 2443 459 2505 sed
475 2442 636 2524 parennis,
663 2458 760 2521 quam
776 2440 895 2514 adhuc,
922 2439 1033 2502 ceteris
1059 2440 1170 2502 insulae
1194 2440 1356 2518 fontibus,

292 2551 341 2613 vel
365 2551 433 2632 ipsa
464 2551 645 2631 Μελανύδρῳ,
665 2548 840 2629 puriorem,
869 2545 1001 2608 morbos
1022 2546 1142 2609 mirum
1167 2547 1201 2610 in
1222 2548 1357 2612 modum

293 2673 407 2719 sanare
424 2653 612 2737 perhibent:
630 2649 716 2733 quod
732 2651 952 2714 testimonium
972 2653 1129 2732 majorem
1145 2653 1179 2715 in
1197 2671 1241 2728 se,
1256 2672 1357 2736 quan-

291 2762 496 2842 tulacumque
517 2761 567 2835 sit,
593 2759 656 2822 vim
677 2758 770 2821 habet
785 2775 884 2839 quam
901 2757 1029 2820 fortuita
1044 2764 1098 2820 aut
1111 2762 1269 2824 recentius
1285 2763 1357 2825 licta

293 2866 462 2932 nominum
475 2866 661 2931 similitudo.

333 2975 364 3038 Si
384 2976 472 3056 quis,
500 2975 539 3037 ab
562 2993 618 3037 ora
635 2974 690 3037 ubi
710 2972 749 3037 de
767 2992 825 3036 sua
842 2991 924 3035 nave
941 2971 1133 3035 descendere
1148 2973 1359 3039 Telemachus

293 3082 412 3162 potuit,
432 3081 583 3163 abruptas
598 3100 725 3162 quoque
743 3100 839 3162 rupes
856 3098 991 3144 ascensu
1008 3081 1221 3162 superaverit,
1248 3083 1354 3146 locum

293 3185 432 3259 editum,
457 3187 686 3266 conspicuum,
711 3187 902 3266 spatiosum⁸
924 3187 1083 3262 deveniet,
1117 3187 1172 3250 ubi
1194 3189 1273 3270 polis
1297 3188 1358 3251 ad-

292 3293 482 3372 vectatisque
495 3291 653 3373 lapidibus
670 3292 731 3355 sibi
747 3296 863 3354 ccsom⁵
880 3294 1052 3374 suibusque
1071 3296 1237 3376 pulchram
1251 3297 1357 3359 aulam

292 3396 524 3478 duodecimque
548 3396 638 3459 suilla
661 3377 826 3472 idumaeus,
846 3417 903 3460 sua
920 3399 1017 3478 ipsius
1032 3417 1130 3482 opera
1152 3401 1280 3483 suisque
1296 3402 1358 3464 im-

293 3505 415 3587 pensis,
434 3505 668 3568 aedilicaveratl.
690 3503 763 3576 Quae
777 3523 892 3586 pascua
910 3508 950 3568 ab
971 3507 1084 3587 incolis
1097 3508 1201 3571 adhuc
1219 3527 1358 3586 nonne-

292 3613 477 3696 gliguntur:
496 3631 570 3677 cum
584 3629 658 3676 vero
677 3613 807 3695 glandes
816 3614 883 3694 jam
897 3615 1058 3690 deficiant,
1075 3615 1308 3690 liumaeisuum
1324 3618 1358 3680 in

292 3721 393 3784 vicem
411 3739 515 3804 caprae
536 3728 769 3792 successerunt,
793 3739 862 3802 quae
882 3721 1017 3783 herbam
1038 3739 1094 3802 per
1112 3741 1229 3804 pascuo
1245 3721 1362 3812 depas-¹

326 3909 346 3952 l.
365 3905 415 3963 XV,
430 3909 476 3961 33,
492 3907 535 3962 36,
546 3907 584 3955 40.
597 3931 625 3940 -
635 3910 659 3956 2.
677 3905 736 3954 ltin
749 3943 754 3964 ,
767 3906 823 3961 499,
835 3907 922 3955 555.·-
934 3908 958 3954 3.
980 3901 1064 3969 Ἀγροῡ
1079 3905 1110 3954 ἐπ
1121 3905 1243 3966 ’ἐσχατιήν
1265 3903 1356 3964 (XXIV,

274 3981 349 4103 ibide.
373 3979 722 4114 (ἔίἔζῇῗὸξλῗξῖῧῑΧῊΙ,
740 3981 869 4042 25).···ll.
885 3981 947 4037 XIV,
964 3982 1016 4031 0-7.
1031 3984 1096 4031 -5.
1121 3980 1204 4038 Κλισίη
1221 3978 1293 4040 (xlv,
1308 3981 1358 4040 437.
