<?xml version="1.0" encoding="UTF-8"?>
<!DOCTYPE html PUBLIC "-//W3C//DTD XHTML 1.0 Transitional//EN"
    "http://www.w3.org/TR/xhtml1/DTD/xhtml1-transitional.dtd">
<html xmlns="http://www.w3.org/1999/xhtml" xml:lang="en" lang="en">
 <head>
  <title>
</title>
<meta http-equiv="Content-Type" content="text/html;charset=utf-8" />
  <meta name='ocr-system' content='tesseract 3.04.00' />
  <meta name='ocr-capabilities' content='ocr_page ocr_carea ocr_par ocr_line ocrx_word'/>
</head>
<body>
  <div class='ocr_page' id='page_1' title='image "./deulyssisithaca00gandgoog/deulyssisithaca00gandgoog_0043.png"; bbox 0 0 3046 4956; ppageno 0'>
   <div class='ocr_carea' id='block_1_1' title="bbox 730 439 924 516">
    <p class='ocr_par' dir='ltr' id='par_1_1' title="bbox 730 439 924 516">
     <span class='ocr_line' id='line_1_1' title="bbox 730 439 924 516; baseline 0 -26"><span class='ocrx_word' id='word_1_1' title='bbox 730 439 924 516; x_wconf 63' lang='grc' dir='ltr'><strong>..3οα</strong></span> 
     </span>
    </p>
   </div>
   <div class='ocr_carea' id='block_1_2' title="bbox 230 583 1365 3538">
    <p class='ocr_par' dir='ltr' id='par_1_2' title="bbox 294 583 1360 880">
     <span class='ocr_line' id='line_1_2' title="bbox 295 583 1360 672; baseline -0.004 -18"><span class='ocrx_word' id='word_1_2' title='bbox 295 591 478 672; x_wconf 87' lang='lat' dir='ltr'><strong>parereut¹;</strong></span> <span class='ocrx_word' id='word_1_3' title='bbox 503 605 570 662; x_wconf 89' lang='lat' dir='ltr'><strong>seu,</strong></span> <span class='ocrx_word' id='word_1_4' title='bbox 593 586 731 667; x_wconf 86' lang='lat' dir='ltr'><strong>denique</strong></span> <span class='ocrx_word' id='word_1_5' title='bbox 747 586 782 651; x_wconf 90' lang='lat' dir='ltr'><strong>in</strong></span> <span class='ocrx_word' id='word_1_6' title='bbox 795 585 887 660; x_wconf 85' lang='lat' dir='ltr'><strong>aula,</strong></span> <span class='ocrx_word' id='word_1_7' title='bbox 903 585 986 650; x_wconf 84' lang='lat' dir='ltr'><strong>lovis</strong></span> <span class='ocrx_word' id='word_1_8' title='bbox 1003 583 1165 650; x_wconf 71' lang='lat' dir='ltr'><strong>domestici</strong></span> <span class='ocrx_word' id='word_1_9' title='bbox 1183 587 1360 664; x_wconf 60' lang='lat' dir='ltr'><strong>fabrefacta</strong></span> 
     </span>
     <span class='ocr_line' id='line_1_3' title="bbox 294 689 1359 774; baseline 0.002 -18"><span class='ocrx_word' id='word_1_10' title='bbox 294 694 384 768; x_wconf 57' lang='grc' dir='ltr'><strong>ω’,</strong></span> <span class='ocrx_word' id='word_1_11' title='bbox 408 691 593 773; x_wconf 82' lang='lat' dir='ltr'><strong>tholusque³</strong></span> <span class='ocrx_word' id='word_1_12' title='bbox 616 689 671 754; x_wconf 91' lang='lat' dir='ltr'><strong>ubi</strong></span> <span class='ocrx_word' id='word_1_13' title='bbox 694 708 805 772; x_wconf 87' lang='lat' dir='ltr'><strong>graves</strong></span> <span class='ocrx_word' id='word_1_14' title='bbox 838 691 878 754; x_wconf 89' lang='lat' dir='ltr'><strong>de</strong></span> <span class='ocrx_word' id='word_1_15' title='bbox 902 691 1091 758; x_wconf 88' lang='lat' dir='ltr'><strong>mulieribus</strong></span> <span class='ocrx_word' id='word_1_16' title='bbox 1115 691 1252 774; x_wconf 86' lang='lat' dir='ltr'><strong>impuris</strong></span> <span class='ocrx_word' id='word_1_17' title='bbox 1276 695 1359 758; x_wconf 88' lang='lat' dir='ltr'><strong>sumi</strong></span> 
     </span>
     <span class='ocr_line' id='line_1_4' title="bbox 294 797 660 880; baseline -0.008 -18"><span class='ocrx_word' id='word_1_18' title='bbox 294 816 403 879; x_wconf 74' lang='lat' dir='ltr'><strong>peenas</strong></span> <span class='ocrx_word' id='word_1_19' title='bbox 418 799 541 879; x_wconf 81' lang='lat' dir='ltr'><strong>Ulysses</strong></span> <span class='ocrx_word' id='word_1_20' title='bbox 555 797 660 880; x_wconf 87' lang='lat' dir='ltr'><strong>jussit.</strong></span> 
     </span>
    </p>

    <p class='ocr_par' dir='ltr' id='par_1_3' title="bbox 292 901 1362 2267">
     <span class='ocr_line' id='line_1_5' title="bbox 334 901 1362 986; baseline -0.002 -16"><span class='ocrx_word' id='word_1_21' title='bbox 334 905 481 970; x_wconf 86' lang='lat' dir='ltr'><strong>Ceterum</strong></span> <span class='ocrx_word' id='word_1_22' title='bbox 497 923 537 968; x_wconf 91' lang='lat' dir='ltr'><strong>ne</strong></span> <span class='ocrx_word' id='word_1_23' title='bbox 554 902 695 968; x_wconf 83' lang='lat' dir='ltr'><strong>oblivisci</strong></span> <span class='ocrx_word' id='word_1_24' title='bbox 712 901 842 984; x_wconf 90' lang='lat' dir='ltr'><strong>quidem</strong></span> <span class='ocrx_word' id='word_1_25' title='bbox 858 902 933 968; x_wconf 86' lang='lat' dir='ltr'><strong>lieet</strong></span> <span class='ocrx_word' id='word_1_26' title='bbox 943 903 1062 984; x_wconf 78' lang='lat' dir='ltr'><strong>Ulyssis</strong></span> <span class='ocrx_word' id='word_1_27' title='bbox 1079 903 1231 980; x_wconf 86' lang='lat' dir='ltr'><strong>domurn,</strong></span> <span class='ocrx_word' id='word_1_28' title='bbox 1249 922 1362 986; x_wconf 76' lang='lat' dir='ltr'><strong>quem-</strong></span> 
     </span>
     <span class='ocr_line' id='line_1_6' title="bbox 294 1014 1360 1098; baseline 0.003 -21"><span class='ocrx_word' id='word_1_29' title='bbox 294 1016 339 1080; x_wconf 86' lang='lat' dir='ltr'><strong>vis</strong></span> <span class='ocrx_word' id='word_1_30' title='bbox 350 1035 409 1098; x_wconf 88' lang='lat' dir='ltr'><strong>pro</strong></span> <span class='ocrx_word' id='word_1_31' title='bbox 418 1015 626 1097; x_wconf 76' lang='lat' dir='ltr'><strong>magnificaret</strong></span> <span class='ocrx_word' id='word_1_32' title='bbox 639 1015 708 1097; x_wconf 91' lang='lat' dir='ltr'><strong>ipsa</strong></span> <span class='ocrx_word' id='word_1_33' title='bbox 717 1014 882 1090; x_wconf 82' lang='lat' dir='ltr'><strong>habeatur,</strong></span> <span class='ocrx_word' id='word_1_34' title='bbox 898 1033 966 1078; x_wconf 89' lang='lat' dir='ltr'><strong>nou</strong></span> <span class='ocrx_word' id='word_1_35' title='bbox 981 1014 1063 1078; x_wconf 90' lang='lat' dir='ltr'><strong>adeo</strong></span> <span class='ocrx_word' id='word_1_36' title='bbox 1074 1021 1182 1078; x_wconf 90' lang='lat' dir='ltr'><strong>tamen</strong></span> <span class='ocrx_word' id='word_1_37' title='bbox 1192 1019 1360 1080; x_wconf 73' lang='lat' dir='ltr'><strong>structura</strong></span> 
     </span>
     <span class='ocr_line' id='line_1_7' title="bbox 294 1119 1360 1200; baseline 0.004 -18"><span class='ocrx_word' id='word_1_38' title='bbox 294 1121 397 1188; x_wconf 83' lang='lat' dir='ltr'><strong>forma</strong></span> <span class='ocrx_word' id='word_1_39' title='bbox 421 1127 475 1185; x_wconf 90' lang='lat' dir='ltr'><strong>aut</strong></span> <span class='ocrx_word' id='word_1_40' title='bbox 496 1120 597 1200; x_wconf 79' lang='lat' dir='ltr'><strong>regali</strong></span> <span class='ocrx_word' id='word_1_41' title='bbox 617 1121 695 1186; x_wconf 86' lang='lat' dir='ltr'><strong>luxu</strong></span> <span class='ocrx_word' id='word_1_42' title='bbox 716 1121 866 1189; x_wconf 75' lang='lat' dir='ltr'>enituisse</span> <span class='ocrx_word' id='word_1_43' title='bbox 890 1128 926 1184; x_wconf 93' lang='lat' dir='ltr'><strong>ut</strong></span> <span class='ocrx_word' id='word_1_44' title='bbox 953 1121 1093 1184; x_wconf 84' lang='lat' dir='ltr'><strong>Nestoris</strong></span> <span class='ocrx_word' id='word_1_45' title='bbox 1117 1125 1174 1193; x_wconf 88' lang='lat' dir='ltr'><strong>(ne</strong></span> <span class='ocrx_word' id='word_1_46' title='bbox 1199 1119 1360 1186; x_wconf 82' lang='lat' dir='ltr'><strong>fabulosas</strong></span> 
     </span>
     <span class='ocr_line' id='line_1_8' title="bbox 294 1226 1360 1310; baseline 0 -18"><span class='ocrx_word' id='word_1_47' title='bbox 294 1229 415 1293; x_wconf 75' lang='lat' dir='ltr'>Alcinoi</span> <span class='ocrx_word' id='word_1_48' title='bbox 445 1227 528 1292; x_wconf 89' lang='lat' dir='ltr'><strong>aedes</strong></span> <span class='ocrx_word' id='word_1_49' title='bbox 564 1236 763 1304; x_wconf 76' lang='lat' dir='ltr'><strong>memorem)</strong></span> <span class='ocrx_word' id='word_1_50' title='bbox 803 1229 1000 1309; x_wconf 84' lang='lat' dir='ltr'><strong>Menelaique</strong></span> <span class='ocrx_word' id='word_1_51' title='bbox 1033 1227 1210 1310; x_wconf 70' lang='lat' dir='ltr'><strong>praesertim</strong></span> <span class='ocrx_word' id='word_1_52' title='bbox 1238 1226 1360 1292; x_wconf 83' lang='lat' dir='ltr'><strong>aedibus</strong></span> 
     </span>
     <span class='ocr_line' id='line_1_9' title="bbox 292 1332 1360 1416; baseline 0 -18"><span class='ocrx_word' id='word_1_53' title='bbox 292 1333 518 1416; x_wconf 81' lang='lat' dir='ltr'><strong>aequiparauda</strong></span> <span class='ocrx_word' id='word_1_54' title='bbox 539 1341 632 1409; x_wconf 91' lang='lat' dir='ltr'><strong>esset,</strong></span> <span class='ocrx_word' id='word_1_55' title='bbox 659 1353 738 1416; x_wconf 88' lang='lat' dir='ltr'><strong>quas</strong></span> <span class='ocrx_word' id='word_1_56' title='bbox 753 1341 790 1398; x_wconf 90' lang='lat' dir='ltr'><strong>ut</strong></span> <span class='ocrx_word' id='word_1_57' title='bbox 812 1333 898 1408; x_wconf 85' lang='lat' dir='ltr'><strong>vidit,</strong></span> <span class='ocrx_word' id='word_1_58' title='bbox 915 1335 994 1397; x_wconf 85' lang='lat' dir='ltr'><strong>lune</strong></span> <span class='ocrx_word' id='word_1_59' title='bbox 1011 1339 1042 1396; x_wconf 87' lang='lat' dir='ltr'><strong>et</strong></span> <span class='ocrx_word' id='word_1_60' title='bbox 1064 1332 1131 1398; x_wconf 89' lang='lat' dir='ltr'><strong>sole</strong></span> <span class='ocrx_word' id='word_1_61' title='bbox 1153 1332 1360 1398; x_wconf 88' lang='lat' dir='ltr'><strong>haudmiuus</strong></span> 
     </span>
     <span class='ocr_line' id='line_1_10' title="bbox 293 1439 1360 1526; baseline 0.001 -21"><span class='ocrx_word' id='word_1_62' title='bbox 293 1442 505 1524; x_wconf 75' lang='lat' dir='ltr'>splendentes,</span> <span class='ocrx_word' id='word_1_63' title='bbox 519 1443 718 1526; x_wconf 88' lang='lat' dir='ltr'><strong>obstupuisse</strong></span> <span class='ocrx_word' id='word_1_64' title='bbox 727 1442 954 1507; x_wconf 89' lang='lat' dir='ltr'><strong>Telemachum</strong></span> <span class='ocrx_word' id='word_1_65' title='bbox 970 1460 1037 1504; x_wconf 90' lang='lat' dir='ltr'><strong>nou</strong></span> <span class='ocrx_word' id='word_1_66' title='bbox 1052 1444 1252 1522; x_wconf 81' lang='lat' dir='ltr'><strong>ignoramus.</strong></span> <span class='ocrx_word' id='word_1_67' title='bbox 1269 1439 1360 1512; x_wconf 84' lang='lat' dir='ltr'><strong>Quod</strong></span> 
     </span>
     <span class='ocr_line' id='line_1_11' title="bbox 293 1546 1360 1632; baseline 0 -20"><span class='ocrx_word' id='word_1_68' title='bbox 293 1550 320 1613; x_wconf 86' lang='lat' dir='ltr'><strong>si</strong></span> <span class='ocrx_word' id='word_1_69' title='bbox 340 1568 378 1614; x_wconf 91' lang='lat' dir='ltr'><strong>ea</strong></span> <span class='ocrx_word' id='word_1_70' title='bbox 402 1551 555 1615; x_wconf 86' lang='lat' dir='ltr'><strong>miracula</strong></span> <span class='ocrx_word' id='word_1_71' title='bbox 573 1551 706 1614; x_wconf 88' lang='lat' dir='ltr'><strong>omuino</strong></span> <span class='ocrx_word' id='word_1_72' title='bbox 730 1550 868 1632; x_wconf 90' lang='lat' dir='ltr'><strong>periere,</strong></span> <span class='ocrx_word' id='word_1_73' title='bbox 896 1549 973 1630; x_wconf 90' lang='lat' dir='ltr'><strong>quid</strong></span> <span class='ocrx_word' id='word_1_74' title='bbox 997 1550 1144 1613; x_wconf 91' lang='lat' dir='ltr'><strong>volumus</strong></span> <span class='ocrx_word' id='word_1_75' title='bbox 1160 1546 1199 1610; x_wconf 90' lang='lat' dir='ltr'><strong>ad</strong></span> <span class='ocrx_word' id='word_1_76' title='bbox 1216 1553 1360 1612; x_wconf 87' lang='lat' dir='ltr'><strong>nostram</strong></span> 
     </span>
     <span class='ocr_line' id='line_1_12' title="bbox 294 1653 1358 1741; baseline -0.001 -23"><span class='ocrx_word' id='word_1_77' title='bbox 294 1663 418 1722; x_wconf 79' lang='lat' dir='ltr'><strong>aetatem</strong></span> <span class='ocrx_word' id='word_1_78' title='bbox 442 1657 570 1741; x_wconf 83' lang='lat' dir='ltr'>aliquod</span> <span class='ocrx_word' id='word_1_79' title='bbox 590 1658 685 1721; x_wconf 89' lang='lat' dir='ltr'><strong>etiarn</strong></span> <span class='ocrx_word' id='word_1_80' title='bbox 705 1657 840 1737; x_wconf 82' lang='lat' dir='ltr'><strong>Ulysseae</strong></span> <span class='ocrx_word' id='word_1_81' title='bbox 863 1656 977 1719; x_wconf 79' lang='lat' dir='ltr'><strong>ithacae</strong></span> <span class='ocrx_word' id='word_1_82' title='bbox 995 1655 1162 1736; x_wconf 84' lang='lat' dir='ltr'><strong>vestigium</strong></span> <span class='ocrx_word' id='word_1_83' title='bbox 1186 1653 1358 1718; x_wconf 76' lang='lat' dir='ltr'>exstitisse?</span> 
     </span>
     <span class='ocr_line' id='line_1_13' title="bbox 294 1760 1360 1846; baseline -0.003 -20"><span class='ocrx_word' id='word_1_84' title='bbox 294 1763 423 1828; x_wconf 87' lang='lat' dir='ltr'><strong>Homeri</strong></span> <span class='ocrx_word' id='word_1_85' title='bbox 437 1765 533 1830; x_wconf 88' lang='lat' dir='ltr'><strong>verba</strong></span> <span class='ocrx_word' id='word_1_86' title='bbox 547 1772 692 1829; x_wconf 86' lang='lat' dir='ltr'><strong>accurate</strong></span> <span class='ocrx_word' id='word_1_87' title='bbox 711 1763 958 1846; x_wconf 86' lang='lat' dir='ltr'><strong>perpendamus,</strong></span> <span class='ocrx_word' id='word_1_88' title='bbox 983 1780 1101 1826; x_wconf 91' lang='lat' dir='ltr'><strong>nenos</strong></span> <span class='ocrx_word' id='word_1_89' title='bbox 1124 1762 1211 1824; x_wconf 83' lang='lat' dir='ltr'><strong>fallat</strong></span> <span class='ocrx_word' id='word_1_90' title='bbox 1228 1779 1299 1842; x_wconf 85' lang='lat' dir='ltr'><strong>quae</strong></span> <span class='ocrx_word' id='word_1_91' title='bbox 1320 1760 1360 1823; x_wconf 91' lang='lat' dir='ltr'><strong>sit</strong></span> 
     </span>
     <span class='ocr_line' id='line_1_14' title="bbox 294 1866 1359 1951; baseline -0.002 -21"><span class='ocrx_word' id='word_1_92' title='bbox 294 1887 334 1932; x_wconf 83' lang='lat' dir='ltr'><strong>ea</strong></span> <span class='ocrx_word' id='word_1_93' title='bbox 350 1888 447 1951; x_wconf 89' lang='lat' dir='ltr'><strong>quam</strong></span> <span class='ocrx_word' id='word_1_94' title='bbox 467 1871 591 1951; x_wconf 84' lang='lat' dir='ltr'><strong>Ulysses</strong></span> <span class='ocrx_word' id='word_1_95' title='bbox 621 1869 755 1932; x_wconf 84' lang='lat' dir='ltr'><strong>Eumaeo</strong></span> <span class='ocrx_word' id='word_1_96' title='bbox 778 1870 875 1951; x_wconf 82' lang='lat' dir='ltr'><strong>jactat</strong></span> <span class='ocrx_word' id='word_1_97' title='bbox 897 1869 1137 1949; x_wconf 82' lang='lat' dir='ltr'><strong>magnificentia</strong></span> <span class='ocrx_word' id='word_1_98' title='bbox 1156 1884 1163 1930; x_wconf 91' lang='lat'>:</span> <span class='ocrx_word' id='word_1_99' title='bbox 1182 1866 1260 1948; x_wconf 89' lang='lat' dir='ltr'><strong>quid</strong></span> <span class='ocrx_word' id='word_1_100' title='bbox 1283 1883 1359 1928; x_wconf 88' lang='lat' dir='ltr'><strong>vero</strong></span> 
     </span>
     <span class='ocr_line' id='line_1_15' title="bbox 293 1974 1359 2055; baseline -0.003 -17"><span class='ocrx_word' id='word_1_101' title='bbox 293 1975 451 2040; x_wconf 71' lang='lat' dir='ltr'><strong>columnae</strong></span> <span class='ocrx_word' id='word_1_102' title='bbox 473 1976 541 2039; x_wconf 91' lang='lat' dir='ltr'><strong>sine</strong></span> <span class='ocrx_word' id='word_1_103' title='bbox 559 1975 655 2038; x_wconf 90' lang='lat' dir='ltr'><strong>dubio</strong></span> <span class='ocrx_word' id='word_1_104' title='bbox 669 1975 793 2055; x_wconf 71' lang='lat' dir='ltr'><strong>ligneae,</strong></span> <span class='ocrx_word' id='word_1_105' title='bbox 810 1975 893 2038; x_wconf 89' lang='lat' dir='ltr'><strong>bene</strong></span> <span class='ocrx_word' id='word_1_106' title='bbox 924 1974 1062 2055; x_wconf 80' lang='lat' dir='ltr'><strong>obseptae</strong></span> <span class='ocrx_word' id='word_1_107' title='bbox 1079 1974 1191 2049; x_wconf 59' lang='lat' dir='ltr'><strong>forest,</strong></span> <span class='ocrx_word' id='word_1_108' title='bbox 1207 1977 1359 2052; x_wconf 64' lang='lat' dir='ltr'><strong>argenteo</strong></span> 
     </span>
     <span class='ocr_line' id='line_1_16' title="bbox 295 2079 1359 2162; baseline -0.001 -19"><span class='ocrx_word' id='word_1_109' title='bbox 295 2081 441 2156; x_wconf 84' lang='lat' dir='ltr'><strong>annulo⁸‚</strong></span> <span class='ocrx_word' id='word_1_110' title='bbox 467 2081 537 2145; x_wconf 86' lang='lat' dir='ltr'><strong>lora</strong></span> <span class='ocrx_word' id='word_1_111' title='bbox 557 2089 587 2146; x_wconf 90' lang='lat' dir='ltr'><strong>et</strong></span> <span class='ocrx_word' id='word_1_112' title='bbox 604 2082 700 2145; x_wconf 69' lang='lat' dir='ltr'><strong>clavi⁸</strong></span> <span class='ocrx_word' id='word_1_113' title='bbox 721 2082 893 2156; x_wconf 87' lang='lat' dir='ltr'><strong>instructae,</strong></span> <span class='ocrx_word' id='word_1_114' title='bbox 921 2086 1023 2162; x_wconf 90' lang='lat' dir='ltr'><strong>postes</strong></span> <span class='ocrx_word' id='word_1_115' title='bbox 1051 2080 1236 2161; x_wconf 85' lang='lat' dir='ltr'><strong>cupressei⁷‚</strong></span> <span class='ocrx_word' id='word_1_116' title='bbox 1260 2079 1359 2142; x_wconf 85' lang='lat' dir='ltr'><strong>fraxi-</strong></span> 
     </span>
     <span class='ocr_line' id='line_1_17' title="bbox 296 2184 1358 2267; baseline -0.001 -16"><span class='ocrx_word' id='word_1_117' title='bbox 296 2189 373 2251; x_wconf 83' lang='lat' dir='ltr'><strong>nea⁸</strong></span> <span class='ocrx_word' id='word_1_118' title='bbox 386 2186 498 2249; x_wconf 86' lang='lat' dir='ltr'><strong>limina</strong></span> <span class='ocrx_word' id='word_1_119' title='bbox 518 2186 551 2248; x_wconf 92' lang='lat' dir='ltr'><strong>iu</strong></span> <span class='ocrx_word' id='word_1_120' title='bbox 567 2203 602 2248; x_wconf 92' lang='lat' dir='ltr'><strong>se</strong></span> <span class='ocrx_word' id='word_1_121' title='bbox 617 2184 736 2249; x_wconf 88' lang='lat' dir='ltr'><strong>babent</strong></span> <span class='ocrx_word' id='word_1_122' title='bbox 748 2184 835 2267; x_wconf 92' lang='lat' dir='ltr'><strong>quod</strong></span> <span class='ocrx_word' id='word_1_123' title='bbox 851 2185 973 2267; x_wconf 82' lang='lat' dir='ltr'><strong>aliquot</strong></span> <span class='ocrx_word' id='word_1_124' title='bbox 989 2203 1092 2248; x_wconf 87' lang='lat' dir='ltr'><strong>annos</strong></span> <span class='ocrx_word' id='word_1_125' title='bbox 1111 2184 1222 2248; x_wconf 89' lang='lat' dir='ltr'><strong>vicisse</strong></span> <span class='ocrx_word' id='word_1_126' title='bbox 1238 2184 1358 2266; x_wconf 78' lang='lat' dir='ltr'><strong>possit?</strong></span> 
     </span>
    </p>

    <p class='ocr_par' dir='ltr' id='par_1_4' title="bbox 271 2289 1360 2690">
     <span class='ocr_line' id='line_1_18' title="bbox 271 2289 1360 2376; baseline -0.002 -21"><span class='ocrx_word' id='word_1_127' title='bbox 271 2362 279 2376; x_wconf 80' lang='lat'>.</span> <span class='ocrx_word' id='word_1_128' title='bbox 296 2294 359 2357; x_wconf 88' lang='lat' dir='ltr'><strong>Nec</strong></span> <span class='ocrx_word' id='word_1_129' title='bbox 370 2310 450 2375; x_wconf 92' lang='lat' dir='ltr'><strong>opus</strong></span> <span class='ocrx_word' id='word_1_130' title='bbox 462 2298 547 2356; x_wconf 85' lang='lat' dir='ltr'><strong>certe</strong></span> <span class='ocrx_word' id='word_1_131' title='bbox 559 2292 618 2356; x_wconf 86' lang='lat' dir='ltr'><strong>fuit</strong></span> <span class='ocrx_word' id='word_1_132' title='bbox 631 2293 671 2356; x_wconf 90' lang='lat' dir='ltr'><strong>ab</strong></span> <span class='ocrx_word' id='word_1_133' title='bbox 685 2292 791 2373; x_wconf 88' lang='lat' dir='ltr'><strong>aliquo</strong></span> <span class='ocrx_word' id='word_1_134' title='bbox 804 2292 893 2356; x_wconf 76' lang='lat' dir='ltr'><strong>oliva</strong></span> <span class='ocrx_word' id='word_1_135' title='bbox 910 2291 1048 2356; x_wconf 84' lang='lat' dir='ltr'><strong>fundum</strong></span> <span class='ocrx_word' id='word_1_136' title='bbox 1066 2291 1210 2366; x_wconf 61' lang='lat' dir='ltr'><strong>succidit</strong></span> <span class='ocrx_word' id='word_1_137' title='bbox 1230 2289 1360 2373; x_wconf 88' lang='lat' dir='ltr'><strong>utperi-</strong></span> 
     </span>
     <span class='ocr_line' id='line_1_19' title="bbox 296 2396 1358 2481; baseline -0.002 -19"><span class='ocrx_word' id='word_1_138' title='bbox 296 2406 344 2464; x_wconf 89' lang='lat' dir='ltr'><strong>ret</strong></span> <span class='ocrx_word' id='word_1_139' title='bbox 355 2400 454 2464; x_wconf 85' lang='lat' dir='ltr'><strong>lectus</strong></span> <span class='ocrx_word' id='word_1_140' title='bbox 466 2399 518 2463; x_wconf 92' lang='lat' dir='ltr'><strong>ille</strong></span> <span class='ocrx_word' id='word_1_141' title='bbox 540 2417 604 2481; x_wconf 92' lang='lat' dir='ltr'><strong>quo</strong></span> <span class='ocrx_word' id='word_1_142' title='bbox 620 2397 701 2461; x_wconf 91' lang='lat' dir='ltr'><strong>nihil</strong></span> <span class='ocrx_word' id='word_1_143' title='bbox 726 2399 831 2461; x_wconf 89' lang='lat' dir='ltr'><strong>omnis</strong></span> <span class='ocrx_word' id='word_1_144' title='bbox 853 2397 969 2462; x_wconf 92' lang='lat' dir='ltr'><strong>domus</strong></span> <span class='ocrx_word' id='word_1_145' title='bbox 985 2399 1187 2480; x_wconf 78' lang='lat' dir='ltr'><strong>spectabilius</strong></span> <span class='ocrx_word' id='word_1_146' title='bbox 1207 2396 1358 2464; x_wconf 86' lang='lat' dir='ltr'><strong>babuisse</strong></span> 
     </span>
     <span class='ocr_line' id='line_1_20' title="bbox 295 2504 1355 2586; baseline 0.007 -21"><span class='ocrx_word' id='word_1_147' title='bbox 295 2505 463 2570; x_wconf 74' lang='lat' dir='ltr'><strong>verisImile</strong></span> <span class='ocrx_word' id='word_1_148' title='bbox 483 2512 540 2580; x_wconf 93' lang='lat' dir='ltr'><strong>est,</strong></span> <span class='ocrx_word' id='word_1_149' title='bbox 558 2523 632 2568; x_wconf 86' lang='lat' dir='ltr'><strong>eum</strong></span> <span class='ocrx_word' id='word_1_150' title='bbox 647 2505 772 2584; x_wconf 74' lang='lat' dir='ltr'><strong>Ulysses</strong></span> <span class='ocrx_word' id='word_1_151' title='bbox 789 2523 823 2568; x_wconf 94' lang='lat' dir='ltr'><strong>se</strong></span> <span class='ocrx_word' id='word_1_152' title='bbox 834 2523 915 2586; x_wconf 95' lang='lat' dir='ltr'><strong>opus</strong></span> <span class='ocrx_word' id='word_1_153' title='bbox 934 2504 970 2568; x_wconf 88' lang='lat' dir='ltr'><strong>id</strong></span> <span class='ocrx_word' id='word_1_154' title='bbox 984 2505 1143 2580; x_wconf 89' lang='lat' dir='ltr'><strong>mirabile,</strong></span> <span class='ocrx_word' id='word_1_155' title='bbox 1159 2507 1228 2584; x_wconf 70' lang='grc' dir='ltr'>μέγα</span> <span class='ocrx_word' id='word_1_156' title='bbox 1245 2504 1355 2583; x_wconf 55' lang='lat' dir='ltr'><strong>cipum,</strong></span> 
     </span>
     <span class='ocr_line' id='line_1_21' title="bbox 294 2608 1355 2690; baseline 0.002 -18"><span class='ocrx_word' id='word_1_157' title='bbox 294 2610 360 2674; x_wconf 91' lang='lat' dir='ltr'><strong>suis</strong></span> <span class='ocrx_word' id='word_1_158' title='bbox 376 2610 536 2686; x_wconf 91' lang='lat' dir='ltr'><strong>manibus,</strong></span> <span class='ocrx_word' id='word_1_159' title='bbox 557 2610 646 2674; x_wconf 88' lang='lat' dir='ltr'><strong>nullo</strong></span> <span class='ocrx_word' id='word_1_160' title='bbox 661 2608 839 2690; x_wconf 84' lang='lat' dir='ltr'><strong>adjuvaute,</strong></span> <span class='ocrx_word' id='word_1_161' title='bbox 856 2609 996 2674; x_wconf 84' lang='lat' dir='ltr'><strong>olfecisse</strong></span> <span class='ocrx_word' id='word_1_162' title='bbox 1007 2610 1171 2690; x_wconf 85' lang='lat' dir='ltr'><strong>glorietur.</strong></span> <span class='ocrx_word' id='word_1_163' title='bbox 1186 2611 1231 2678; x_wconf 79' lang='lat' dir='ltr'><strong>lle</strong></span> <span class='ocrx_word' id='word_1_164' title='bbox 1244 2609 1355 2683; x_wconf 82' lang='lat' dir='ltr'><strong>ebore,</strong></span> 
     </span>
    </p>

    <p class='ocr_par' dir='ltr' id='par_1_5' title="bbox 230 2713 1365 3538">
     <span class='ocr_line' id='line_1_22' title="bbox 230 2713 1357 2798; baseline -0.002 -18"><span class='ocrx_word' id='word_1_165' title='bbox 230 2725 233 2736; x_wconf 89' lang='lat'>&#39;</span> <span class='ocrx_word' id='word_1_166' title='bbox 294 2724 437 2798; x_wconf 82' lang='lat' dir='ltr'><strong>argento,</strong></span> <span class='ocrx_word' id='word_1_167' title='bbox 455 2733 534 2780; x_wconf 85' lang='lat' dir='ltr'><strong>auro</strong></span> <span class='ocrx_word' id='word_1_168' title='bbox 550 2733 616 2780; x_wconf 88' lang='lat' dir='ltr'><strong>non</strong></span> <span class='ocrx_word' id='word_1_169' title='bbox 629 2716 738 2790; x_wconf 89' lang='lat' dir='ltr'><strong>semel,</strong></span> <span class='ocrx_word' id='word_1_170' title='bbox 755 2713 794 2778; x_wconf 91' lang='lat' dir='ltr'><strong>de</strong></span> <span class='ocrx_word' id='word_1_171' title='bbox 804 2732 968 2780; x_wconf 89' lang='lat' dir='ltr'><strong>marmore</strong></span> <span class='ocrx_word' id='word_1_172' title='bbox 982 2730 1151 2798; x_wconf 84' lang='lat' dir='ltr'><strong>uunquam</strong></span> <span class='ocrx_word' id='word_1_173' title='bbox 1166 2713 1357 2796; x_wconf 63' lang='lat' dir='ltr'><strong>aetianae-</strong></span> 
     </span>
     <span class='ocr_line' id='line_1_23' title="bbox 295 2819 1356 2904; baseline 0.003 -23"><span class='ocrx_word' id='word_1_174' title='bbox 295 2821 333 2886; x_wconf 87' lang='lat' dir='ltr'><strong>lis</strong></span> <span class='ocrx_word' id='word_1_175' title='bbox 345 2819 503 2904; x_wconf 81' lang='lat' dir='ltr'><strong>lapidibus</strong></span> <span class='ocrx_word' id='word_1_176' title='bbox 513 2821 639 2886; x_wconf 86' lang='lat' dir='ltr'><strong>vincere</strong></span> <span class='ocrx_word' id='word_1_177' title='bbox 657 2821 764 2888; x_wconf 83' lang='lat' dir='ltr'><strong>secula</strong></span> <span class='ocrx_word' id='word_1_178' title='bbox 780 2819 888 2898; x_wconf 66' lang='lat' dir='ltr'><strong>datum</strong></span> <span class='ocrx_word' id='word_1_179' title='bbox 903 2820 958 2903; x_wconf 90' lang='lat' dir='ltr'><strong>qui</strong></span> <span class='ocrx_word' id='word_1_180' title='bbox 973 2837 1047 2888; x_wconf 89' lang='lat' dir='ltr'><strong>vero</strong></span> <span class='ocrx_word' id='word_1_181' title='bbox 1063 2821 1096 2888; x_wconf 89' lang='lat' dir='ltr'><strong>in</strong></span> <span class='ocrx_word' id='word_1_182' title='bbox 1113 2822 1173 2888; x_wconf 83' lang='lat' dir='ltr'><strong>bae</strong></span> <span class='ocrx_word' id='word_1_183' title='bbox 1185 2819 1281 2887; x_wconf 89' lang='lat' dir='ltr'><strong>domo</strong></span> <span class='ocrx_word' id='word_1_184' title='bbox 1295 2819 1356 2884; x_wconf 80' lang='lat' dir='ltr'><strong>tir-</strong></span> 
     </span>
     <span class='ocr_line' id='line_1_24' title="bbox 295 2927 1356 3012; baseline -0.002 -16"><span class='ocrx_word' id='word_1_185' title='bbox 295 2931 389 2996; x_wconf 89' lang='lat' dir='ltr'><strong>miter</strong></span> <span class='ocrx_word' id='word_1_186' title='bbox 413 2937 445 2995; x_wconf 87' lang='lat' dir='ltr'><strong>et</strong></span> <span class='ocrx_word' id='word_1_187' title='bbox 468 2929 587 2996; x_wconf 73' lang='lat' dir='ltr'><strong>affabre</strong></span> <span class='ocrx_word' id='word_1_188' title='bbox 607 2935 724 2996; x_wconf 85' lang='lat' dir='ltr'><strong>structa</strong></span> <span class='ocrx_word' id='word_1_189' title='bbox 747 2927 984 3012; x_wconf 88' lang='lat' dir='ltr'><strong>propemodum</strong></span> <span class='ocrx_word' id='word_1_190' title='bbox 1005 2934 1236 3003; x_wconf 67' lang='lat' dir='ltr'><strong>numerarium</strong></span> <span class='ocrx_word' id='word_1_191' title='bbox 1259 2943 1356 2994; x_wconf 82' lang='lat' dir='ltr'><strong>muro</strong></span> 
     </span>
     <span class='ocr_line' id='line_1_25' title="bbox 294 3034 1355 3118; baseline -0.002 -21"><span class='ocrx_word' id='word_1_192' title='bbox 294 3035 400 3110; x_wconf 89' lang='lat' dir='ltr'><strong>simul,</strong></span> <span class='ocrx_word' id='word_1_193' title='bbox 418 3036 541 3102; x_wconf 83' lang='lat' dir='ltr'><strong>excelso</strong></span> <span class='ocrx_word' id='word_1_194' title='bbox 557 3034 721 3118; x_wconf 71' lang='lat' dir='ltr'><strong>quaerut,</strong></span> <span class='ocrx_word' id='word_1_195' title='bbox 741 3042 772 3100; x_wconf 89' lang='lat' dir='ltr'><strong>et</strong></span> <span class='ocrx_word' id='word_1_196' title='bbox 788 3035 884 3118; x_wconf 88' lang='lat' dir='ltr'><strong>septis</strong></span> <span class='ocrx_word' id='word_1_197' title='bbox 899 3036 1007 3100; x_wconf 86' lang='lat' dir='ltr'><strong>aulam</strong></span> <span class='ocrx_word' id='word_1_198' title='bbox 1023 3035 1191 3102; x_wconf 84' lang='lat' dir='ltr'><strong>defensam</strong></span> <span class='ocrx_word' id='word_1_199' title='bbox 1208 3049 1289 3106; x_wconf 89' lang='lat' dir='ltr'><strong>esse,</strong></span> <span class='ocrx_word' id='word_1_200' title='bbox 1301 3049 1355 3096; x_wconf 89' lang='lat' dir='ltr'><strong>so-</strong></span> 
     </span>
     <span class='ocr_line' id='line_1_26' title="bbox 293 3137 1357 3224; baseline 0.002 -20"><span class='ocrx_word' id='word_1_201' title='bbox 293 3139 357 3204; x_wconf 91' lang='lat' dir='ltr'><strong>lido</strong></span> <span class='ocrx_word' id='word_1_202' title='bbox 369 3159 497 3222; x_wconf 88' lang='lat' dir='ltr'><strong>quoque</strong></span> <span class='ocrx_word' id='word_1_203' title='bbox 513 3143 547 3205; x_wconf 92' lang='lat' dir='ltr'><strong>in</strong></span> <span class='ocrx_word' id='word_1_204' title='bbox 564 3141 765 3222; x_wconf 83' lang='lat' dir='ltr'><strong>pavimento¹²</strong></span> <span class='ocrx_word' id='word_1_205' title='bbox 776 3141 887 3206; x_wconf 90' lang='lat' dir='ltr'><strong>ludere</strong></span> <span class='ocrx_word' id='word_1_206' title='bbox 905 3159 1030 3224; x_wconf 83' lang='lat' dir='ltr'><strong>procos,</strong></span> <span class='ocrx_word' id='word_1_207' title='bbox 1046 3141 1147 3206; x_wconf 88' lang='lat' dir='ltr'><strong>limen</strong></span> <span class='ocrx_word' id='word_1_208' title='bbox 1163 3137 1357 3224; x_wconf 60' lang='lat' dir='ltr'><strong>lapideumt</strong></span> 
     </span>
     <span class='ocr_line' id='line_1_27' title="bbox 292 3243 1354 3328; baseline 0.003 -23"><span class='ocrx_word' id='word_1_209' title='bbox 292 3243 326 3306; x_wconf 90' lang='lat' dir='ltr'><strong>iu</strong></span> <span class='ocrx_word' id='word_1_210' title='bbox 356 3245 553 3307; x_wconf 89' lang='lat' dir='ltr'><strong>coeuaculum</strong></span> <span class='ocrx_word' id='word_1_211' title='bbox 583 3244 710 3320; x_wconf 89' lang='lat' dir='ltr'><strong>ducere,</strong></span> <span class='ocrx_word' id='word_1_212' title='bbox 743 3247 965 3328; x_wconf 89' lang='lat' dir='ltr'><strong>lapidibusque</strong></span> <span class='ocrx_word' id='word_1_213' title='bbox 1003 3248 1135 3310; x_wconf 75' lang='lat' dir='ltr'><strong>densis¹⁸</strong></span> <span class='ocrx_word' id='word_1_214' title='bbox 1164 3246 1284 3310; x_wconf 86' lang='lat' dir='ltr'><strong>lectum</strong></span> <span class='ocrx_word' id='word_1_215' title='bbox 1313 3245 1354 3308; x_wconf 89' lang='lat' dir='ltr'><strong>ab</strong></span> 
     </span>
     <span class='ocr_line' id='line_1_28' title="bbox 292 3347 1354 3434; baseline -0.002 -20"><span class='ocrx_word' id='word_1_216' title='bbox 292 3347 399 3430; x_wconf 83' lang='lat' dir='ltr'><strong>Ulysse</strong></span> <span class='ocrx_word' id='word_1_217' title='bbox 418 3347 602 3430; x_wconf 85' lang='lat' dir='ltr'><strong>impositum</strong></span> <span class='ocrx_word' id='word_1_218' title='bbox 623 3347 720 3412; x_wconf 84' lang='lat' dir='ltr'><strong>luisse</strong></span> <span class='ocrx_word' id='word_1_219' title='bbox 741 3350 859 3414; x_wconf 87' lang='lat' dir='ltr'><strong>scimus</strong></span> <span class='ocrx_word' id='word_1_220' title='bbox 877 3369 884 3414; x_wconf 94' lang='lat'>:</span> <span class='ocrx_word' id='word_1_221' title='bbox 899 3365 922 3416; x_wconf 78' lang='lat' dir='ltr'><strong>&#39;e</strong></span> <span class='ocrx_word' id='word_1_222' title='bbox 942 3369 1005 3433; x_wconf 91' lang='lat' dir='ltr'><strong>quo</strong></span> <span class='ocrx_word' id='word_1_223' title='bbox 1021 3358 1086 3416; x_wconf 76' lang='lat' dir='ltr'><strong>tarn</strong></span> <span class='ocrx_word' id='word_1_224' title='bbox 1099 3369 1196 3434; x_wconf 84' lang='lat' dir='ltr'><strong>parvo</strong></span> <span class='ocrx_word' id='word_1_225' title='bbox 1217 3367 1354 3414; x_wconf 90' lang='lat' dir='ltr'><strong>numero</strong></span> 
     </span>
     <span class='ocr_line' id='line_1_29' title="bbox 292 3447 1365 3538; baseline 0.002 -18"><span class='ocrx_word' id='word_1_226' title='bbox 292 3462 370 3538; x_wconf 86' lang='lat' dir='ltr'><strong>quot</strong></span> <span class='ocrx_word' id='word_1_227' title='bbox 383 3453 503 3538; x_wconf 88' lang='lat' dir='ltr'><strong>lapides</strong></span> <span class='ocrx_word' id='word_1_228' title='bbox 519 3471 612 3520; x_wconf 91' lang='lat' dir='ltr'><strong>suam</strong></span> <span class='ocrx_word' id='word_1_229' title='bbox 624 3453 728 3520; x_wconf 85' lang='lat' dir='ltr'><strong>adhue</strong></span> <span class='ocrx_word' id='word_1_230' title='bbox 738 3454 848 3522; x_wconf 90' lang='lat' dir='ltr'><strong>sedem</strong></span> <span class='ocrx_word' id='word_1_231' title='bbox 863 3458 1033 3523; x_wconf 89' lang='lat' dir='ltr'><strong>retinuisse</strong></span> <span class='ocrx_word' id='word_1_232' title='bbox 1046 3457 1260 3524; x_wconf 79' lang='lat' dir='ltr'><strong>arbitramur?</strong></span> <span class='ocrx_word' id='word_1_233' title='bbox 1363 3447 1365 3454; x_wconf 72' lang='grc'><em>’</em></span> 
     </span>
    </p>
   </div>
   <div class='ocr_carea' id='block_1_3' title="bbox 286 3647 1355 4162">
    <p class='ocr_par' dir='ltr' id='par_1_6' title="bbox 292 3647 1355 3782">
     <span class='ocr_line' id='line_1_30' title="bbox 327 3647 1355 3716; baseline 0 -16"><span class='ocrx_word' id='word_1_234' title='bbox 327 3657 347 3700; x_wconf 87' lang='lat' dir='ltr'><strong>t.</strong></span> <span class='ocrx_word' id='word_1_235' title='bbox 364 3649 421 3706; x_wconf 78' lang='lat' dir='ltr'><strong>XX,</strong></span> <span class='ocrx_word' id='word_1_236' title='bbox 441 3651 519 3700; x_wconf 81' lang='lat' dir='ltr'><strong>tot-tt.</strong></span> <span class='ocrx_word' id='word_1_237' title='bbox 538 3673 566 3684; x_wconf 91' lang='lat'>-</span> <span class='ocrx_word' id='word_1_238' title='bbox 582 3652 604 3699; x_wconf 77' lang='lat'><strong>2.</strong></span> <span class='ocrx_word' id='word_1_239' title='bbox 630 3647 685 3704; x_wconf 80' lang='grc' dir='ltr'><strong>Διὸς</strong></span> <span class='ocrx_word' id='word_1_240' title='bbox 703 3647 815 3711; x_wconf 80' lang='grc' dir='ltr'>Ἑρκείου</span> <span class='ocrx_word' id='word_1_241' title='bbox 836 3649 919 3713; x_wconf 76' lang='grc' dir='ltr'><strong>βωμὸς</strong></span> <span class='ocrx_word' id='word_1_242' title='bbox 937 3653 1082 3716; x_wconf 69' lang='grc' dir='ltr'>τετυγμένος</span> <span class='ocrx_word' id='word_1_243' title='bbox 1106 3649 1194 3713; x_wconf 69' lang='lat' dir='ltr'><strong>(xxti,</strong></span> <span class='ocrx_word' id='word_1_244' title='bbox 1212 3649 1309 3716; x_wconf 77' lang='lat' dir='ltr'><strong>etl-5).</strong></span> <span class='ocrx_word' id='word_1_245' title='bbox 1323 3675 1355 3688; x_wconf 92' lang='lat'><em>-</em></span> 
     </span>
     <span class='ocr_line' id='line_1_31' title="bbox 292 3725 538 3782; baseline -0.008 -6"><span class='ocrx_word' id='word_1_246' title='bbox 292 3729 315 3776; x_wconf 85' lang='lat' dir='ltr'><strong>a.</strong></span> <span class='ocrx_word' id='word_1_247' title='bbox 330 3725 402 3782; x_wconf 77' lang='lat' dir='ltr'><strong>xxti.</strong></span> <span class='ocrx_word' id='word_1_248' title='bbox 414 3725 469 3782; x_wconf 82' lang='lat' dir='ltr'><strong>tlt.</strong></span> <span class='ocrx_word' id='word_1_249' title='bbox 484 3725 538 3778; x_wconf 76' lang='lat' dir='ltr'><strong>let.</strong></span> 
     </span>
    </p>

    <p class='ocr_par' dir='ltr' id='par_1_7' title="bbox 290 3795 1354 4002">
     <span class='ocr_line' id='line_1_32' title="bbox 321 3795 1354 3866; baseline -0.002 -14"><span class='ocrx_word' id='word_1_250' title='bbox 321 3795 345 3852; x_wconf 76' lang='lat' dir='ltr'><strong>t.</strong></span> <span class='ocrx_word' id='word_1_251' title='bbox 359 3801 431 3860; x_wconf 82' lang='lat' dir='ltr'><strong>xxrt.</strong></span> <span class='ocrx_word' id='word_1_252' title='bbox 442 3803 497 3860; x_wconf 75' lang='lat' dir='ltr'><strong>aaa,</strong></span> <span class='ocrx_word' id='word_1_253' title='bbox 508 3813 613 3864; x_wconf 69' lang='lat' dir='ltr'><strong>pase-</strong></span> <span class='ocrx_word' id='word_1_254' title='bbox 624 3805 648 3854; x_wconf 85' lang='lat'><strong>5.</strong></span> <span class='ocrx_word' id='word_1_255' title='bbox 661 3802 681 3859; x_wconf 90' lang='lat'><strong>1,</strong></span> <span class='ocrx_word' id='word_1_256' title='bbox 693 3800 748 3850; x_wconf 78' lang='lat' dir='ltr'><strong>aar.</strong></span> <span class='ocrx_word' id='word_1_257' title='bbox 760 3801 822 3850; x_wconf 81' lang='lat' dir='ltr'><strong>-a</strong></span> <span class='ocrx_word' id='word_1_258' title='bbox 834 3802 875 3859; x_wconf 81' lang='lat' dir='ltr'><strong>rv,</strong></span> <span class='ocrx_word' id='word_1_259' title='bbox 888 3805 946 3858; x_wconf 77' lang='lat' dir='ltr'><strong>roa.</strong></span> <span class='ocrx_word' id='word_1_260' title='bbox 957 3805 1011 3858; x_wconf 83' lang='lat' dir='ltr'><strong>eso,</strong></span> <span class='ocrx_word' id='word_1_261' title='bbox 1028 3803 1080 3850; x_wconf 83' lang='lat' dir='ltr'><strong>xxr</strong></span> <span class='ocrx_word' id='word_1_262' title='bbox 1090 3840 1096 3859; x_wconf 86' lang='lat'>,</span> <span class='ocrx_word' id='word_1_263' title='bbox 1108 3805 1157 3862; x_wconf 80' lang='lat' dir='ltr'><strong>o-r.</strong></span> <span class='ocrx_word' id='word_1_264' title='bbox 1173 3803 1212 3858; x_wconf 74' lang='lat' dir='ltr'><strong>tr.</strong></span> <span class='ocrx_word' id='word_1_265' title='bbox 1231 3803 1270 3857; x_wconf 78' lang='lat' dir='ltr'><strong>eo,</strong></span> <span class='ocrx_word' id='word_1_266' title='bbox 1283 3813 1354 3866; x_wconf 75' lang='lat' dir='ltr'><strong>pass,</strong></span> 
     </span>
     <span class='ocr_line' id='line_1_33' title="bbox 290 3873 1352 3938; baseline -0.001 -12"><span class='ocrx_word' id='word_1_267' title='bbox 290 3897 321 3914; x_wconf 89' lang='lat'><em>-</em></span> <span class='ocrx_word' id='word_1_268' title='bbox 337 3878 359 3926; x_wconf 84' lang='lat' dir='ltr'><strong>i.</strong></span> <span class='ocrx_word' id='word_1_269' title='bbox 374 3874 447 3932; x_wconf 77' lang='lat' dir='ltr'><strong>xlii,</strong></span> <span class='ocrx_word' id='word_1_270' title='bbox 461 3875 515 3925; x_wconf 77' lang='lat' dir='ltr'><strong>atu.</strong></span> <span class='ocrx_word' id='word_1_271' title='bbox 527 3880 587 3928; x_wconf 82' lang='lat'><strong>-8.</strong></span> <span class='ocrx_word' id='word_1_272' title='bbox 600 3875 669 3926; x_wconf 76' lang='lat' dir='ltr'><strong>[bid.</strong></span> <span class='ocrx_word' id='word_1_273' title='bbox 686 3878 740 3932; x_wconf 67' lang='lat'><strong>839,</strong></span> <span class='ocrx_word' id='word_1_274' title='bbox 752 3879 778 3924; x_wconf 89' lang='lat' dir='ltr'><strong>et</strong></span> <span class='ocrx_word' id='word_1_275' title='bbox 798 3873 1002 3938; x_wconf 82' lang='lat' dir='ltr'><strong>queroirra‚&#39;XXl.</strong></span> <span class='ocrx_word' id='word_1_276' title='bbox 1016 3879 1056 3930; x_wconf 74' lang='grc'><strong>43.</strong></span> <span class='ocrx_word' id='word_1_277' title='bbox 1073 3903 1101 3914; x_wconf 91' lang='lat'><strong>-·</strong></span> <span class='ocrx_word' id='word_1_278' title='bbox 1115 3880 1138 3928; x_wconf 83' lang='lat'><strong>9.</strong></span> <span class='ocrx_word' id='word_1_279' title='bbox 1154 3878 1239 3934; x_wconf 82' lang='lat' dir='ltr'><strong>XXlll,</strong></span> <span class='ocrx_word' id='word_1_280' title='bbox 1251 3879 1308 3928; x_wconf 68' lang='lat' dir='ltr'><strong>rot.</strong></span> <span class='ocrx_word' id='word_1_281' title='bbox 1323 3902 1352 3912; x_wconf 90' lang='lat'><em>—</em></span> 
     </span>
     <span class='ocr_line' id='line_1_34' title="bbox 294 3948 478 4002; baseline -0.022 0"><span class='ocrx_word' id='word_1_282' title='bbox 294 3951 329 4002; x_wconf 81' lang='grc'><strong>10.</strong></span> <span class='ocrx_word' id='word_1_283' title='bbox 341 3948 409 4002; x_wconf 73' lang='lat' dir='ltr'><strong>reid.</strong></span> <span class='ocrx_word' id='word_1_284' title='bbox 425 3951 478 4002; x_wconf 82' lang='lat' dir='ltr'><strong>tat.</strong></span> 
     </span>
    </p>

    <p class='ocr_par' dir='ltr' id='par_1_8' title="bbox 286 4023 1351 4162">
     <span class='ocr_line' id='line_1_35' title="bbox 323 4023 1351 4092; baseline -0.002 -14"><span class='ocrx_word' id='word_1_285' title='bbox 323 4029 445 4092; x_wconf 64' lang='lat' dir='ltr'><strong>tinobpoa</strong></span> <span class='ocrx_word' id='word_1_286' title='bbox 453 4023 570 4090; x_wconf 70' lang='lat' dir='ltr'><strong>eilpuror</strong></span> <span class='ocrx_word' id='word_1_287' title='bbox 582 4023 661 4090; x_wconf 74' lang='lat' dir='ltr'><strong>(xxii,</strong></span> <span class='ocrx_word' id='word_1_288' title='bbox 674 4028 737 4090; x_wconf 64' lang='lat' dir='ltr'><strong>tabl,</strong></span> <span class='ocrx_word' id='word_1_289' title='bbox 749 4027 813 4091; x_wconf 77' lang='grc' dir='ltr'><strong>μίγα</strong></span> <span class='ocrx_word' id='word_1_290' title='bbox 820 4025 909 4090; x_wconf 69' lang='lat' dir='ltr'><strong>tripos</strong></span> <span class='ocrx_word' id='word_1_291' title='bbox 917 4028 991 4087; x_wconf 75' lang='grc' dir='ltr'><strong>αὐλῆς</strong></span> <span class='ocrx_word' id='word_1_292' title='bbox 1002 4028 1070 4088; x_wconf 77' lang='lat' dir='ltr'>[XVI.</span> <span class='ocrx_word' id='word_1_293' title='bbox 1081 4028 1177 4092; x_wconf 72' lang='grc'>343).-</span> <span class='ocrx_word' id='word_1_294' title='bbox 1189 4032 1227 4084; x_wconf 81' lang='lat'><strong>12.</strong></span> <span class='ocrx_word' id='word_1_295' title='bbox 1243 4027 1351 4078; x_wconf 79' lang='grc' dir='ltr'>δάπεδον</span> 
     </span>
     <span class='ocr_line' id='line_1_36' title="bbox 286 4095 1348 4162; baseline 0.003 -12"><span class='ocrx_word' id='word_1_296' title='bbox 286 4095 370 4160; x_wconf 66' lang='lat' dir='ltr'><strong>(ull.</strong></span> <span class='ocrx_word' id='word_1_297' title='bbox 380 4099 728 4162; x_wconf 65' lang='lat' dir='ltr'><strong>tobi„rosetvl1v.ttttl.-tt.</strong></span> <span class='ocrx_word' id='word_1_298' title='bbox 737 4102 810 4158; x_wconf 81' lang='lat' dir='ltr'><strong>xvtt,</strong></span> <span class='ocrx_word' id='word_1_299' title='bbox 820 4103 915 4161; x_wconf 60' lang='lat' dir='ltr'><strong>bibini,</strong></span> <span class='ocrx_word' id='word_1_300' title='bbox 923 4104 1189 4160; x_wconf 81' lang='lat' dir='ltr'><strong>25a‚xx111.88·-rt.</strong></span> <span class='ocrx_word' id='word_1_301' title='bbox 1197 4105 1283 4162; x_wconf 80' lang='lat' dir='ltr'><strong>xxm,</strong></span> <span class='ocrx_word' id='word_1_302' title='bbox 1295 4107 1348 4156; x_wconf 73' lang='grc'><strong>193.</strong></span> 
     </span>
    </p>
   </div>
   <div class='ocr_carea' id='block_1_4' title="bbox 0 0 1528 4956">
    <p class='ocr_par' dir='ltr' id='par_1_9' title="bbox 0 0 1528 4956">
     <span class='ocr_line' id='line_1_37' title="bbox 0 0 1528 4956; baseline 0 2"><span class='ocrx_word' id='word_1_303' title='bbox 0 0 1528 4956; x_wconf 95' lang='lat' dir='ltr'><strong> </strong></span> 
     </span>
    </p>
   </div>
   <div class='ocr_carea' id='block_1_5' title="bbox 335 4416 1207 4922">
    <p class='ocr_par' dir='ltr' id='par_1_10' title="bbox 335 4285 1510 4922">
     <span class='ocr_line' id='line_1_38' title="bbox 335 4416 1207 4922; baseline 0.003 -4"><span class='ocrx_word' id='word_1_304' title='bbox 335 4416 1207 4922; x_wconf 64' lang='lat' dir='ltr'><strong>Iso</strong></span> 
     </span>
    </p>
   </div>
  </div>
 </body>
</html>
