3046 4956
704 395 980 468 -28—,

303 549 467 620 Ceterum,
488 549 598 608 contra
614 543 725 615 Potin,
745 541 954 622 Cepballeniae
969 541 1115 622 propior,
1134 541 1280 622 quaedam
1297 543 1331 607 iu

264 652 346 714 mari
355 652 438 734 jacet
451 649 565 723 insula,
581 664 694 710 saxum
710 645 854 709 videlicet
870 645 1003 721 humile,
1016 645 1176 727 exiguum,
1195 647 1249 710 cui
1263 665 1329 710 non

264 763 366 824 inesse
393 757 535 838 duplices
560 753 720 818 Asteridos
745 755 868 835 portus¹
887 753 1010 817 fatebor
1034 771 1041 815 ε
1067 753 1122 816 sed
1146 754 1270 819 deserto
1296 756 1331 818 in

264 866 358 928 saxo’
379 862 453 926 sotis
478 866 546 924 erat
561 865 669 941 patere
695 865 805 942 portus
828 858 883 940 qui
908 863 1009 923 ratem
1024 859 1135 940 viginti
1155 860 1331 942 remigibus

264 969 466 1032 instructam⁸
491 967 686 1049 reciperent;
710 971 877 1030 eteorum
906 966 1028 1048 objecta
1049 966 1149 1030 latera
1175 983 1194 1029 a
1217 966 1331 1048 pelago

265 1073 499 1139 circumfluenti
520 1073 639 1156 sensim
661 1071 837 1137 deformato
866 1073 1062 1155 omninoque
1091 1073 1207 1136 subesa
1233 1073 1331 1136 fuisse

263 1180 433 1244 verisimile
448 1188 512 1258 est;
529 1181 667 1245 insulam
683 1180 770 1243 enim
779 1181 847 1263 jam
871 1198 929 1262 ogo
944 1198 1011 1243 non
1023 1178 1103 1243 adeo
1119 1179 1217 1244 latam
1233 1197 1331 1262 quam

265 1290 305 1374 ab
320 1288 417 1352 aetatis
430 1294 547 1351 nostrae
563 1289 755 1370 geographis
771 1287 930 1370 descripta
943 1287 1046 1351 fuerat
1057 1287 1120 1350 ridi
1136 1305 1143 1350 :
1160 1287 1237 1369 quid
1253 1306 1331 1370 crgo

265 1395 385 1458 mirum
400 1395 438 1469 si,
456 1401 502 1458 tot
517 1400 590 1476 post
607 1395 723 1470 secula,
742 1395 881 1477 priorem
898 1393 1038 1457 formam
1054 1391 1218 1456 emiserit?
1241 1477 1243 1482 .

306 1502 407 1577 Nimis
418 1502 508 1565 facile
521 1508 568 1565 est
581 1501 620 1565 ab
630 1500 834 1583 Cephallenia
845 1497 1081 1583 promontorie⁶
1092 1498 1249 1575 divellere,
1259 1517 1333 1582 qua

266 1625 435 1690 nunquam
446 1614 556 1672 tamen
565 1607 714 1672 fluctibus
722 1606 866 1687 undique
875 1605 1101 1688 circumcincta
1115 1605 1211 1670 fuisse
1219 1606 1330 1687 liquet,

267 1733 327 1780 nec
344 1715 458 1780 melius
480 1715 639 1798 duplicem
661 1722 791 1798 portum
811 1714 852 1777 ab
877 1716 1015 1779 Homero
1034 1720 1247 1778 memoratum
1264 1730 1331 1777 ser·

266 1839 388 1886 vavere.
427 1821 543 1904 igitur,
573 1820 834 1904 quandoquidem
860 1821 894 1884 in
923 1821 1025 1883 fretol
1052 1819 1206 1884 nonalia
1234 1837 1332 1902 quam

266 1929 433 2008 nascaqno
451 1928 534 2008 jacet
558 1927 682 2002 insula,
707 1944 767 1989 nee
788 1927 868 1989 alius
890 1944 987 2006 quam
1015 1928 1101 1988 Polis
1119 1925 1154 1988 in
1177 1925 1332 1990 lthacensi

266 2032 370 2096 littore
396 2031 570 2114 profondus
591 2036 676 2113 patet
695 2036 823 2112 portus,
855 2037 885 2093 et
912 2029 1063 2111 quoniam
1091 2030 1132 2092 ita
1164 2030 1225 2093 sibi
1256 2031 1334 2093 invi·

267 2155 337 2201 cem
353 2136 457 2199 insule
477 2142 650 2218 portusque
672 2135 868 2218 respondent
885 2141 920 2200 ut
943 2135 1037 2199 nobis
1063 2134 1211 2198 facillime
1229 2135 1332 2218 linga·

267 2259 340 2306 mus
365 2241 519 2324 quidquid
540 2243 581 2306 ab
606 2243 745 2306 Homero
769 2243 807 2308 de
824 2243 870 2307 eis
896 2249 1062 2306 narratum
1085 2242 1161 2318 luit,
1177 2243 1263 2325 jam,
1284 2243 1332 2306 vel

267 2354 440 2430 antequam
466 2347 590 2412 adalia
613 2354 803 2430 argumenta
833 2354 1052 2422 transeamus,
1077 2365 1145 2424 non
1173 2347 1270 2410 modo
1296 2347 1332 2410 li-

249 2461 334 2530 cet,
354 2454 408 2517 sed
426 2460 561 2536 oportet,
578 2461 614 2517 ut
629 2455 746 2518 Lealrio
769 2454 874 2518 visum
893 2460 958 2531 est,
975 2453 1036 2518 bac
1055 2453 1090 2517 in
1113 2453 1225 2518 lthacae
1241 2461 1331 2537 parte

267 2558 465 2623 homericam
493 2559 608 2623 urbem
635 2575 778 2641 quaerere
804 2577 875 2640 quae
899 2577 966 2622 non
992 2558 1105 2624 eadem
1121 2565 1217 2641 atque
1242 2561 1334 2622 eletos

268 2665 338 2727 luit.

308 2777 337 2833 2.
357 2772 406 2846 At,
424 2771 512 2836 hisce
526 2773 560 2836 in
573 2772 742 2848 littoribus,
756 2771 808 2835 vix
824 2771 988 2836 rarissima
1002 2771 1229 2854 antiquissima·
1244 2771 1334 2836 urbis

269 2878 417 2960 vestigia,
439 2898 480 2944 ne
497 2879 614 2944 rudera
641 2879 796 2955 dixerim,
817 2887 1001 2944 occurrunt.
1019 2880 1083 2943 Cur
1103 2895 1197 2952 ver0,
1228 2877 1255 2940 si
1271 2882 1334 2959 qua

269 2992 391 3048 exstant
411 2987 522 3050 ceteris
543 2987 768 3068 spectabiliora
795 2986 931 3063 rudera,
953 3005 990 3049 ea
1010 2985 1092 3048 aetati
1115 2983 1334 3047 remotissimae

268 3092 431 3174 assignare
445 3095 616 3174 jubemur?
630 3095 839 3158 verisimilior
859 3113 897 3158 ea
914 3099 995 3158 esset
1011 3093 1118 3176 opinio
1136 3109 1206 3174 quae
1222 3109 1261 3154 ex
1274 3091 1333 3156 ho-

269 3197 390 3259 merico
406 3214 471 3259 aevo
488 3199 566 3260 nihil
584 3199 818 3279 propemodum
832 3199 936 3262 adhuc
952 3199 1144 3281 superfuisse
1161 3198 1335 3261 arbitrare-

269 3308 331 3376 tur,
347 3303 521 3384 praesertim
535 3321 610 3367 cum
625 3323 668 3366 ne
681 3323 741 3368 nos
757 3306 913 3369 Homerus
926 3307 1056 3388 quidem
1070 3307 1105 3369 in
1116 3307 1205 3370 urbis
1219 3323 1335 3371 eversae

269 3406 372 3470 ruinis
387 3401 733 3490 aliquid-quaerendum
749 3411 919 3475 admoneat
939 3411 1024 3494 quod
1049 3412 1229 3494 spectabile,
1249 3410 1335 3495 quod

268 3514 305 3578 iu
322 3520 477 3578 oeternum
493 3514 657 3580 conditum
679 3516 785 3581 luerit.

311 3623 407 3688 Multa
422 3640 482 3687 nos
497 3625 537 3688 de
552 3623 775 3705 Ulyssisdomo
791 3625 948 3689 Homerus
965 3625 1083 3707 passim
1100 3624 1217 3702 docuit,
1236 3645 1333 3708 quam

306 3843 328 3885 1.
345 3839 446 3901 nepeta:
466 3839 584 3902 ναύλοχοι
602 3839 736 3903 ἀμφίδυμοι
752 3839 817 3901 (οἀ.
834 3841 874 3897 lV,
888 3837 970 3901 Sibl-
991 3863 1020 3874 -
1041 3843 1065 3888 2.
1083 3843 1165 3898 Νῆσος
1180 3842 1334 3905 πετρήεσσα,

274 3914 302 3962 οὐ
318 3913 411 3978 μεγάλη
424 3913 496 3978 (ibid.
507 3915 602 3978 Sti-6).
620 3941 651 3952 —
667 3921 691 3966 3.
706 3916 774 3966 lbid.
785 3919 841 3966 669.
852 3941 884 3950 -
896 3918 919 3964 t.
933 3913 1019 3964 Chalia
1029 3913 1112 3978 (Gall.)
1123 3915 1207 3965 Erisso
1219 3914 1337 3978 (Goodis-

273 3987 424 4126 ppnhsstpn„
438 4003 464 4052 p.
481 3991 549 4052 tbi.)
563 4017 591 4028 -·
607 3993 630 4041 5.
650 3990 691 4040 Ἐν
713 3992 815 4054 πορθμῷ
836 3989 934 4049 Ἰθάκης
952 4007 977 4040 τε
1001 3991 1093 4052 Σάμοιό
1111 4007 1136 4040 τε
1155 3989 1210 4050 (Od.
1225 3993 1265 4049 lV,
1279 3995 1334 4048 uir,
