3046 4956
480 1117 634 1194 CAPUT
674 1119 927 1206 dunarum

355 1379 393 1424 DE
415 1377 513 1424 EUM!
533 1379 673 1425 srarroitlt
695 1380 730 1424 ET
752 1375 932 1426 diurnarum
955 1379 1054 1426 SPECU.

215 1602 244 1656 i.
267 1581 405 1676 Tempus
430 1599 476 1656 est
501 1595 738 1675 septentrionali
761 1613 844 1676 pago
867 1594 1040 1658 valedicere
1065 1612 1072 1658 :
1097 1595 1149 1658 cui
1177 1613 1236 1676 ego

171 1717 249 1762 cum
262 1698 376 1762 Neium
393 1705 549 1776 montem,
565 1700 681 1782 Ulyssis
696 1698 829 1764 demum
850 1707 880 1763 et
893 1700 1008 1763 urbem
1031 1700 1174 1782 duosque
1195 1701 1236 1764 31)

172 1805 312 1868 Homero
329 1804 505 1868 celebrates
517 1813 628 1887 portus
645 1805 847 1880 restituerim,
866 1805 1001 1887 simplici
1017 1812 1126 1868 tamen
1146 1807 1235 1870 inco-

171 1915 279 1976 larum
290 1911 446 1993 superbiae
457 1930 524 1975 neu
540 1912 686 1989 satisfeci3
703 1913 821 1994 quippe
835 1913 901 1993 qui,
919 1912 1049 1976 31131113
1069 1913 1135 1976 suis
1159 1931 1237 1995 spo-

172 2018 368 2092 1131131333
382 2036 493 2081 rursus
508 2019 569 2082 sibi
587 2019 759 2083 vindicant.
775 2019 845 2082 Non
861 2020 956 2100 lenge
973 2021 1012 2083 31)
1027 2020 1107 2084 urbe
1124 2019 1234 2101 (πολις),

172 2129 205 2190 31
218 2124 305 2186 iente
321 2125 523 2208 (Μελανύδρῳ),
540 2124 672 2188 Homeri
687 2125 824 2205 denique
839 2126 960 2199 schola,
975 2131 1049 2189 sunt
1065 2127 1120 2207 qui
1136 2127 1236 2222 Pher-

172 2229 261 2312 cynis
277 2247 404 2311 quoque
420 2234 550 2313 portum
566 2229 667 2312 (cujus
688 2231 736 2292 vel
753 2247 873 2292 nemen
896 2249 1013 2312 parum
1033 2232 1236 2297 immutatum

173 2334 277 2416 Φριχές
294 2335 423 2416 agnosci
442 2336 576 2411 vellent),
592 2335 812 2418 Nympharum
827 2353 969 2418 specum,
988 2336 1154 2402 Arethusae
1166 2341 1236 2404 ion-

175 2451 252 2518 tem,
272 2449 303 2505 et
320 2443 411 2506 Cervi
427 2445 553 2506 Petram
566 2442 738 2525 aliquando
754 2449 911 2506 ostentare
927 2442 1113 2524 gloriantur.

212 2549 337 2630 Eligant
359 2568 433 2614 vcro
460 2556 585 2631 eportet
603 2570 610 2612 ε
627 2568 756 2614 necesse
772 2550 860 2613 eninr
884 2557 930 2612 est
956 2551 1066 2632 procul
1091 2552 1132 2614 31)
1158 2553 1236 2616 urbe

172 2655 360 2736 desertaque
372 2655 406 2718 in
422 2673 572 2736 agrorum
588 2657 694 2738 parte¹
712 2656 885 2737 Phorcynis
902 2663 1032 2738 portum
1048 2674 1128 2722 esse.
1147 2659 1236 2722 Hunc

171 2759 299 2824 Scheria
315 2761 447 2844 propius
461 2761 694 2843 aliquantulum
710 2762 875 2843 longiusve
892 2781 960 2826 esse
975 2763 1051 2845 quid
1068 2765 1185 2828 referti
1203 2765 1236 2828 id
1290 2805 1292 2811 ·

173 2866 291 2931 seilicet
308 2867 453 2930 Phaeaccs
467 2875 580 2931 curant
596 2875 632 2930 ut
646 2886 751 2948 cperae
772 2873 904 2949 parcant
920 2887 1049 2950 unaque
1067 2876 1122 2933 eut
1137 2869 1236 2934 altera

173 2969 254 3032 hora
270 2969 376 3044 citius,
393 2970 461 3050 jam
488 2977 615 3052 portum
637 2971 751 3032 iterum
776 2969 944 3041 adeuntes,
964 2987 1079 3031 navem
1094 2987 1185 3032 suam
1200 2971 1235 3034 in

173 3075 341 3157 scopulum
357 3076 520 3140 immutari
537 3075 692 3140 sentienti
720 3076 810 3139 Curae
828 3093 900 3137 vero
918 3076 949 3139 id
971 3081 1094 3139 tantum
1117 3076 1236 3144 habent

174 3189 219 3258 ut,
237 3182 277 3245 ad
294 3190 422 3264 perium
445 3202 541 3266 quem
563 3184 657 3266 pauci
679 3191 798 3247 nerunt
821 3202 899 3247 nave
917 3185 1060 3266 appulsa,
1078 3185 1237 3269 hospitem

90 3268 98 3282 ⁸
174 3289 234 3353 sibi
259 3309 277 3352 3
305 3308 381 3370 rege
405 3291 612 3355 commissum
641 3290 802 3376 deponant
828 3299 948 3357 secreto
975 3294 1009 3382 in
1036 3295 1152 3368 littere,
1182 3295 1238 3358 uhi

173 3412 270 3458 nemo
294 3384 448 3469 occurrat,
469 3395 531 3458 nisi
553 3396 592 3460 de
618 3397 696 3461 coele
719 3398 821 3463 Pallas
845 3399 914 3482 ipsa
943 3400 1155 3475 descenderit,
1179 3420 1238 3464 nec

173 3500 269 3580 longe
294 3500 334 3562 31)
358 3500 465 3582 alique
480 3500 574 3582 adyto
597 3503 629 3565 in
657 3503 742 3584 qued
757 3523 790 3567 33
808 3523 882 3568 cum
897 3504 1010 3568 divitiis
1027 3507 1092 3568 suis
1115 3506 1238 3585 Ulysses

173 3608 317 3688 recipere
330 3613 397 3670 tuto
413 3608 525 3691 possit:
543 3609 598 3690 qui
614 3611 703 3673 loeus
719 3610 823 3691 Φριχές
837 3629 905 3673 3333
920 3628 985 3673 nen
998 3617 1110 3692 petest.
1126 3612 1239 3673 Praete-

173 3729 270 3787 rea‚a
286 3714 437 3794 spelunca
447 3714 481 3777 in
498 3715 588 3778 Cervi
605 3719 731 3780 Petram
748 3715 907 3791 difficilis,
924 3732 943 3777 a
960 3715 1051 3777 Petra
1065 3715 1105 3778 ed
1122 3715 1237 3780 urbem

173 3815 309 3882 diiiicilis
330 3820 491 3902 longaque
516 3822 667 3906 insuper³
684 3824 733 3885 via
747 3829 793 3884 cst
812 3840 819 3886 :
839 3839 910 3902 quae
925 3838 998 3884 cum
1015 3819 1057 3885 ita
1073 3822 1146 3896 sint,
1172 3841 1238 3888 nen

209 4063 230 4106 t.
250 4055 292 4180 131))
309 4057 380 4181 eripe
395 4058 474 4120 (11111,
489 4059 537 4116 iiii,
550 4060 587 4108 ἐπ’
603 4062 679 4122 ἀγροῦ
695 4061 785 4123 (XXIV,
802 4062 864 4123 3081.
882 4084 909 4098 -
925 4065 946 4112 ’1-
964 4063 1026 4119 XIV,
1043 4065 1142 4120 1.-3.
1161 4064 1237 4118 xvii.

174 4137 218 4188 11).
237 4141 244 4180 1
265 4139 291 4187 a,
306 4135 335 4180 ie
355 4170 359 4178 .
