3046 4956
739 419 908 488 ...6.-

330 573 408 635 dum
421 570 518 643 enirn,
531 575 566 633 ut
579 575 681 651 poetae
691 569 751 650 ipsi
763 569 940 650 perhibent,
952 571 1048 634 etiarn
1059 570 1159 634 ruinae
1169 572 1352 653 perieriut',

288 695 346 740 nec
363 675 449 739 aliud
465 674 699 758 propemodum
712 674 813 754 Trojae
823 675 989 758 vestigium
1004 677 1140 759 supersit
1149 677 1210 740 nisi
1220 695 1352 761 campus

288 783 342 847 ubi
362 783 435 859 luit;
458 783 492 845 in
507 782 569 844 hoc
590 799 664 844 vero
688 799 819 861 eampo,
847 782 964 845 scilicet
988 783 1071 846 inter
1093 782 1154 846 ldae
1179 784 1300 849 radices
1322 795 1352 850 et

288 891 415 955 Achillis
438 889 600 952 tumulum
622 887 680 968 (dc
702 888 820 970 quibus
845 890 1000 972 disputari
1016 909 1132 972 parum
1152 892 1241 968 licet)
1263 895 1352 958 inve·

286 997 417 1059 nienmr
432 1002 461 1058 et
479 994 610 1067 tumuli,
621 999 652 1056 et
662 995 773 1068 fontes,
786 995 917 1058 etcolles
931 994 1073 1076 plurimi,
1084 1013 1278 1078 cursumque
1283 997 1352 1080 jam

288 1117 353 1162 uon
364 1100 513 1163 eumdem
523 1099 557 1162 in
570 1098 700 1180 planitie
711 1096 825 1163 Simois
838 1099 1096 1180 Scamanderque
1108 1109 1216 1164 tenere
1227 1101 1354 1165 videau-
1367 1098 1369 1103 ’

287 1211 357 1280 tur,
384 1205 537 1287 ambigua
558 1205 653 1268 nimis
678 1205 737 1268 hac
763 1205 796 1268 in
822 1205 876 1268 lite
898 1224 969 1288 quae
991 1207 1145 1270 sententia
1167 1208 1241 1272 satis
1268 1215 1353 1272 certa

287 1309 364 1370 ferri
382 1311 511 1392 petest?

327 1415 407 1478 Sunt
422 1416 510 1479 varia
524 1420 787 1496 argumentorum
807 1431 942 1496 genera,
961 1413 1046 1476 unde
1069 1412 1190 1478 diversa
1211 1413 1355 1478 inierun-

287 1529 362 1586 tur:
380 1541 437 1586 seu
452 1523 541 1605 quis,
557 1521 957 1586 recentiorumincolarurn
968 1520 1125 1601 superbiae
1137 1527 1167 1584 et
1182 1521 1356 1586 mendaciis

287 1631 503 1714 Hellanicique
518 1630 608 1695 dictis
624 1631 721 1694 nimis
738 1630 918 1711 indulgens,
938 1629 1102 1691 intervalla
1113 1635 1222 1692 tamen
1242 1629 1352 1694 sedulo

287 1747 477 1820 computans
492 1758 562 1822 quae
579 1757 630 1802 res
646 1740 678 1802 in
695 1739 789 1803 lliade
811 1745 913 1820 gestas
932 1735 1169 1799 verisimiliores
1190 1735 1350 1811 efficiunt,

286 1845 488 1909 Homericam
513 1846 641 1926 Trojam
668 1845 711 1908 ibi
740 1845 835 1908 etiam
862 1862 894 1906 se
920 1842 1076 1924 reperisse
1098 1841 1271 1904 arbitratur
1294 1843 1354 1906 ubi

287 1951 355 2032 ejus
371 1953 481 2015 ruinas
496 1952 635 2014 venerati
652 1957 740 2024 sunt,
757 1968 798 2012 ne
820 1955 943 2013 ceteros
966 1965 1191 2029 percenseam,
1210 1950 1349 2024 Xerxes,

287 2059 341 2138 qul
357 2059 475 2121 Priami
493 2059 671 2131 vindicem,
697 2055 894 2130 Alexander,
915 2054 968 2136 qui
991 2054 1120 2118 Achillis
1140 2055 1353 2132 imitatorem,

287 2165 405 2238 Caesar,
422 2165 475 2244 qui
489 2165 596 2226 AEneae
606 2169 756 2245 nepotem
766 2181 799 2225 se
811 2159 1026 2244 predicabant
1036 2161 1061 2237 ¹3
1077 2160 1150 2233 sive,
1165 2168 1201 2225 ut
1209 2162 1322 2226 Strabo
1329 2162 1352 2238 ⁸,

287 2271 435 2334 Demetrii
462 2271 582 2352 Scepsii
604 2271 782 2334 auctoritati
807 2284 848 2332 ne
869 2269 969 2332 resisti
993 2267 1121 2350 quidem
1140 2287 1233 2350 posse
1248 2269 1355 2334 existi-

288 2389 369 2454 mat;
391 2380 453 2442 sive
472 2385 502 2441 et
518 2378 728 2461 popularibus
739 2369 900 2451 fabulis,et
908 2376 1059 2439 Hellanici
1070 2376 1284 2458 Demetriiquc
1294 2383 1356 2440 les·

287 2483 439 2559 timoniis,
457 2492 488 2548 et
503 2485 690 2547 tacticorurn
708 2483 807 2545 doctis
833 2480 1009 2544 rationibus
1031 2481 1153 2562 aliquas
1170 2481 1354 2546 llomericas

288 2593 445 2672 imagines
458 2591 626 2672 praeferre,
644 2595 679 2652 ut
694 2595 803 2652 noster
818 2587 981 2651 choiseul*
995 2594 1050 2649 aut
1066 2587 1161 2649 etiam
1171 2586 1350 2663 Webbius‘,

290 2716 355 2761 non
373 2698 473 2772 timet,
489 2697 568 2761 adeo
585 2705 620 2760 ut
637 2696 769 2760 desertis
779 2695 923 2769 collibus,
940 2694 1042 2773 magis
1059 2694 1173 2757 amari
1190 2703 1219 2758 et
1231 2693 1354 2758 Graeco-

282 2823 361 2868 rum
378 2805 515 2868 statione
526 2803 726 2879 distantibus,
742 2803 788 2866 llii
800 2819 920 2866 nomen
935 2801 1068 2864 reddere
1085 2801 1210 2864 audeat.

326 2915 392 2995 Ego
409 2931 483 2977 vero
501 2913 541 2976 iis
557 2912 696 2975 maxime
713 2911 823 2976 dillido
839 2909 948 2993 quide
963 2909 1011 2972 bis
1027 2909 1122 2971 nimis
1136 2909 1238 2982 docte,
1257 2910 1354 2974 nimis

287 3022 433 3084 adstricte
458 3029 488 3085 et
503 3025 656 3104 anguste,
680 3026 715 3085 ut
730 3021 772 3083 ila
793 3020 915 3093 dicam,
941 3019 1199 3100 disputaverunt;
1222 3035 1282 3080 nec
1299 3035 1352 3080 me

289 3125 423 3186 multum
439 3133 567 3189 movent
580 3134 635 3190 aut
651 3126 765 3190 iabulae
782 3125 858 3206 ipsis
872 3125 905 3187 in
919 3123 1008 3200 locis,
1023 3123 1078 3187 sed
1094 3123 1194 3186 serius
1205 3123 1352 3197 colleciae,

287 3246 491 3311 quarumque
513 3232 669 3312 originem
689 3237 720 3294 et
732 3231 912 3294 Hellanicus
933 3237 963 3294 et
980 3229 1092 3292 Strabo
1110 3230 1253 3293 iniissent
1268 3229 1355 3292 facil·

288 3331 375 3409 lime,
391 3335 417 3397 si
432 3335 520 3398 locos
536 3335 597 3419 ipsi
611 3335 812 3411 invisissent;
831 3341 885 3398 ant
900 3335 1076 3416 praesertim
1094 3336 1225 3417 Spobnii
1238 3337 1357 3400 etllac·

286 3564 325 3614 cl.
338 3562 463 3621 Clroiseul,
475 3567 499 3613 2·
510 3563 561 3622 e'd,
575 3568 595 3614 t.
607 3567 640 3624 11,
650 3579 676 3628 p.
689 3563 816 3627 ababli).
835 3567 868 3614 ut
879 3565 931 3628 jam
947 3569 1033 3614 noster
1049 3564 1138 3614 Pascal
1156 3564 1274 3629 (Penates
1288 3603 1294 3622 ,
1312 3565 1356 3616 dd.

285 3640 375 3696 flavet,
386 3644 432 3688 art.
446 3651 500 3697 xiv,
513 3641 546 3706 3),
562 3651 621 3690 oum
630 3639 719 3690 multis
730 3639 845 3689 dixerat:
860 3658 870 3682 α
885 3637 994 3688 Hom'ere
1007 3638 1096 3690 iaituu
1106 3639 1354 3704 romauqu’ildonne

286 3727 351 3778 pour
362 3714 413 3773 tel,
427 3729 469 3764 ear
481 3729 604 3780 personne
617 3729 647 3764 ne
658 3715 758 3764 doutait
774 3729 822 3779 que
843 3713 915 3764 Troic
929 3720 953 3764 et
966 3719 1138 3776 Agamemnon
1159 3714 1286 3765 n'avaieut
1304 3730 1355 3766 non

285 3789 344 3853 plus
354 3788 393 3838 dte
405 3804 453 3854 que
468 3790 600 3855 lepomme
614 3789 736 3840 (101».-
750 3797 769 3839 1.
783 3793 845 3840 Luc.
858 3790 951 3848 Phara,
963 3791 1003 3848 111,
1015 3794 1070 3840 11119.
1080 3795 1142 3840 -2,
1155 3791 1246 3849 seran..
1260 3790 1277 3840 l.
1289 3793 1356 3848 xlii,

285 3879 312 3928 p.
323 3867 401 3915 soal.
414 3891 441 3901 —
456 3871 479 3916 3.
496 3867 572 3924 ibid..
582 3881 607 3930 p.
619 3871 664 3917 5113
675 3869 730 3916 obi.

316 3939 520 3999 anachoretici,
540 3943 635 4006 l'opape
650 3942 679 3990 de
690 3939 716 3990 lu
726 3941 829 3998 Troade,
841 3938 922 3996 Paris,
938 3943 1004 3988 ltili.
1013 3965 1041 3975 -
1050 3937 1177 3998 choiseul,
1194 3939 1352 4002 Vopopcpit·

287 4019 403 4074 roresque
416 4015 483 4062 duris
495 4015 608 4076 l’empirc
619 4021 731 4064 ottomun
744 4053 749 4072 ,
776 4019 834 4064 reio
850 4015 858 4075 1
873 4020 899 4065 i·
910 4013 960 4070 ed,
973 4012 1060 4071 Pais,
1077 4018 1145 4073 1812,
1160 4013 1354 4075 1.11ε1111.)-

286 4093 312 4138 1η
324 4089 497 4152 ΤιιρορναρΜε
511 4092 540 4141 de
553 4091 578 4140 lo
589 4092 695 4150 Troade,
709 4090 775 4142 trad.
789 4091 832 4148 ir,
842 4089 924 4147 Paris,
937 4095 974 4140 ist
983 4094 1003 4150 l,
1015 4095 1049 4140 θ’.
