3046 4956
736 423 928 492 ..iffi-.-

299 572 483 650 bominibus
500 571 623 651 origine
640 576 669 634 ct
690 570 834 634 moribus
851 571 988 638 multum
1004 577 1169 652 praestaut,
1181 571 1260 651 qui,
1279 571 1368 654 Nep-

298 689 376 744 tuno
394 678 453 741 orti
469 676 677 757 barbarisque
692 676 879 758 Cyclopibus
891 683 980 758 patre
996 681 1083 738 tanto
1101 675 1286 756 digniores¹‚
1306 679 1366 740 soli

300 785 468 848 bominum
479 784 518 846 ab
531 786 670 844 Homero
687 798 754 843 non
770 780 866 844 modo
883 781 965 845 lovis
979 780 1100 844 alumni
1117 784 1293 862 (διιτρεφεῑυ)
1309 783 1370 846 he-

299 908 434 972 roesque
459 887 693 952 immortalibus
717 903 810 968 pares
836 891 914 962 (θεοῖς
938 887 1128 964 ἐναλίγκιοιθ),
1147 887 1203 950 sed
1225 888 1369 950 Deorum

297 997 426 1072 aflines,
450 994 598 1076 applorat,
623 992 834 1076 appellantur.
860 993 1058 1075 Quapropter
1081 993 1163 1057 mari
1182 993 1326 1076 undique
1347 1014 1369 1058 a

298 1101 410 1168 ceteris
424 1099 549 1182 populis
565 1099 726 1180 sejuncti⁵,
742 1117 881 1180 quorum
898 1099 1070 1162 amicitiam
1088 1105 1118 1162 et
1133 1101 1368 1164 commercium

297 1207 520 1288 dedignantur,
537 1203 733 1267 terrestrium
754 1204 956 1268 miseriarum
977 1205 1263 1288 communiumque
1277 1206 1370 1270 ritio-

297 1332 372 1376 rum
394 1330 483 1394 paene
507 1317 651 1393 expertes
675 1317 759 1373 sunt.
778 1311 896 1391 Siquis
918 1329 1003 1387 varo,
1030 1311 1175 1392 procellis
1199 1318 1306 1389 actuS,
1325 1313 1368 1377 ad

297 1438 371 1483 oras
386 1437 499 1483 eorum
514 1408 651 1500 appellit,
667 1417 822 1499 excipitur
837 1417 863 1482 is
877 1435 896 1480 a
912 1418 985 1481 love
998 1417 1113 1481 missus
1128 1419 1256 1502 hospes
1274 1419 1368 1484 donis

297 1527 497 1601 cumulatur,
516 1532 546 1588 et
561 1526 596 1588 in
612 1525 748 1606 patriam
765 1543 875 1600 suam,
894 1525 943 1586 vel
961 1525 1056 1588 invito
1076 1525 1238 1607 Neptuno,
1255 1527 1367 1590 remit-

298 1632 383 1706 titur,
408 1631 531 1696 etiarnsi
552 1631 819 1714 longinquissima
839 1627 909 1694 εἰν.
937 1634 963 1693 A
980 1636 1070 1713 patre
1087 1631 1174 1694 enim
1196 1632 1365 1713 navigandi

295 1746 400 1802 artem
423 1736 542 1812 edocti,
568 1755 663 1800 naves
686 1735 806 1800 divinas
829 1735 949 1799 babent
974 1735 1090 1818 quibus
1113 1753 1173 1799 nec
1192 1737 1292 1802 ventis
1306 1755 1365 1800 nec

294 1843 521 1926 gubernaculis
532 1861 613 1923 opus
627 1847 694 1906 est:
711 1843 766 1906 sed
779 1843 968 1924 ipsaesciunt
985 1860 1048 1924 quo
1063 1859 1198 1923 pergere
1216 1842 1363 1916 debcant,

299 1949 461 2029 marisque
476 1947 661 2028 voraginem
681 1954 808 2010 tranant
823 1948 1009 2030 calumme,
1028 1949 1163 2030 caligine
1178 1955 1211 2012 et
1229 1949 1364 2023 nebula,

294 2054 381 2118 baud
395 2070 485 2116 secus
499 2057 594 2133 atque
606 2051 665 2132 ipsi
679 2051 738 2126 Ilii,
753 2052 912 2115 obtectael.
927 2052 1011 2116 Nihil
1029 2071 1107 2137 ergo
1120 2054 1257 2136 impedit
1273 2055 1364 2136 quin,

296 2161 367 2242 ipsa
387 2156 575 2240 cogitatione
594 2157 795 2234 velocioresl,
813 2159 966 2224 Euboeam
984 2167 1092 2242 petant
1111 2161 1288 2244 eademque
1314 2163 1365 2226 dic

295 2264 704 2329 schertamrevertanturt
1340 2340 1343 2343 g

338 2369 414 2434 lude
432 2376 537 2433 tamen
551 2370 628 2433 illud
645 2371 765 2434 inferre
783 2389 849 2434 non
865 2372 959 2434 velim
974 2371 1138 2435 Scheriam
1155 2391 1316 2454 nusquam
1332 2373 1364 2434 in

295 2477 390 2540 terris
406 2475 570 2552 exstitisse,
596 2495 678 2557 quae,
695 2484 854 2540 terrarum
870 2481 1049 2555 extrema¹⁰,
1066 2499 1140 2542 rara
1157 2487 1263 2544 tamen
1282 2487 1366 2543 terra

297 2589 354 2659 est,
374 2583 464 2663 cujus
481 2582 541 2644 iter
562 2587 593 2644 et
611 2600 731 2644 nornen
753 2601 793 2645 ex
815 2585 908 2646 omni
930 2584 1113 2666 antiquitate
1128 2585 1227 2649 Graeci
1244 2585 1364 2667 optimc

296 2694 465 2753 noverunt.
486 2688 550 2754 Nec
567 2689 677 2754 solum
694 2691 852 2772 Ulyssem,
871 2692 1009 2756 heroicis
1027 2693 1057 2754 in
1077 2693 1290 2774 temporibus,
1310 2713 1365 2756 ex-

298 2797 397 2878 cepit,
424 2811 529 2877 neque
552 2814 571 2858 a
595 2796 697 2878 poetis
722 2797 944 2860 tantummodo
972 2798 1129 2861 celebrata
1155 2806 1218 2875 est,
1247 2799 1366 2882 quippe

297 2903 481 2986 Apollonio,
497 2903 643 2985 Virgilio,
666 2903 773 2968 Ouidio
791 2903 944 2984 Corcyraei
965 2903 1026 2986 ipsi
1049 2904 1279 2979 assentiebant,
1306 2923 1366 2968 nau

293 3011 535 3090 Corcyraeorum
550 3010 735 3092 opinionem
752 3010 949 3090 Thucydides
965 3009 1164 3093 impugnavit
1174 3011 1202 3072 ¹¹.

337 3117 457 3180 Urbem
469 3116 504 3178 in
519 3116 624 3180 insula
637 3134 779 3197 quaerere
794 3135 1066 3199 supervacaneum
1082 3135 1090 3180 :
1107 3115 1260 3198 palatium
1276 3116 1362 3180 enim

295 3218 331 3280 in
350 3236 459 3292 auras,
481 3227 517 3282 ut
536 3221 716 3292 somnium,
739 3223 904 3286 evanuisse
922 3222 1051 3286 credere
1077 3228 1141 3300 est;
1159 3222 1276 3286 moenia
1291 3222 1365 3286 iun·

294 3323 379 3388 ditus
393 3326 535 3408 periere‘3
550 3327 693 3407 situsque
707 3343 746 3390 ex
759 3326 877 3408 duplici
894 3336 1004 3411 portus
1023 3332 1167 3413 ligura¹³,
1185 3330 1269 3395 fluvii
1289 3349 1366 3412 pre·

296 3434 472 3518 pinquitate
497 3433 684 3516 Alcinoique
709 3435 808 3498 hortis
833 3439 961 3520 agnosci
988 3439 1209 3504 tantummodo
1235 3447 1361 3521 posset:

330 3709 351 3750 1..
362 3701 438 3758 llud..
449 3704 508 3760 205,
521 3703 590 3760 XIII,
606 3704 695 3751 130.-
707 3703 731 3750 2.
747 3701 805 3757 Vll,
823 3704 847 3750 5.
862 3727 887 3736 -
898 3705 921 3750 3.
934 3701 963 3759 V,
978 3705 1032 3751 378.
1049 3729 1077 3737 ·-
1090 3704 1150 3761 IV,
1162 3706 1192 3753 35
1204 3701 1250 3766 (CI.
1265 3703 1362 3765 Hymn.

296 3776 335 3826 ad
350 3777 408 3824 Veto.
422 3773 486 3838 201).
501 3803 529 3812 -
549 3780 571 3826 5.
591 3778 635 3834 VI,
648 3779 703 3826 2l9.
717 3803 745 3812 -
758 3778 782 3826 6.
799 3778 867 3833 VIII,
878 3780 921 3832 32;
940 3777 997 3834 IIII,
1010 3780 1064 3826 321.
1081 3803 1109 3812 -
1127 3781 1149 3828 l.
1168 3780 1237 3836 VIII,
1250 3781 1363 3828 bblffl.

296 3877 327 3886 -
341 3854 365 3900 8.
379 3850 476 3900 ’Oxeiai
493 3853 553 3901 ὡσεὶ
566 3853 654 3917 πτερὸν
667 3853 695 3910 ἠὲ
707 3849 788 3912 νόημα
797 3853 863 3915 (Vll,
874 3852 922 3913 36).
934 3878 962 3888 -
972 3852 996 3900 9.
1005 3849 1077 3918 Ἀτερ
1086 3853 1209 3916 καμάτοιο
1225 3853 1286 3914 (vlt,
1298 3856 1367 3916 325.)

296 3953 327 3962 -
344 3930 381 3975 to.
390 3925 508 3990 Ἔσχατοι
519 3926 568 3989 (vl,
582 3925 678 3988 lllble·
690 3934 727 3976 ll·.
738 3925 864 3990 Thucyd„
876 3929 902 3984 1,
914 3929 955 3976 25.
966 3928 999 3976 Et
1009 3926 1076 3990 apud
1086 3927 1167 3979 Sirab.
1181 3927 1256 3992 (LVI,
1270 3944 1295 3993 p.
1307 3931 1363 3989 269)

294 3998 403 4061 legimus
416 4015 422 4046 ι
435 4001 484 4058 Tala
496 4005 540 4048 νῦν
556 4001 681 4064 Κέρκυραν
694 4001 860 4064 καλουμένην,
871 4002 988 4067 πρότερον
1001 4003 1026 4052 δὲ
1039 4003 1150 4068 Σγερίαν.
1159 4009 1228 4054 -12,
1248 4005 1305 4061 Oti„
1319 4006 1367 4062 vt,

294 4074 342 4124 263
358 4088 416 4138 sqq.
