3046 4956
591 378 783 444 ..qq...

142 519 259 584 multae
275 518 474 592 habitantur,'
487 522 555 580 alta
577 521 649 580 otiis
665 526 826 600 proxima,
854 522 1032 589 Dulichium
1055 524 1212 599 videlieet,

142 634 309 714 Sameque
326 640 355 693 et
382 648 551 694 neniorosa
564 630 752 710 Zacynthum
770 636 836 715 ipro
853 639 971 710 autem,
986 636 1113 698 durntlir
1126 637 1212 715 (sive.

126 745 180 810 vut
199 736 391 820 quibusdam
403 736 549 818 placule,
562 734 655 799 terris
672 735 826 816 propior),
846 737 932 818 torpe
941 757 1080 820 suprema
1089 739 1123 806 in
1132 740 1213 804 mari

138 845 242 927 jacet,
262 846 303 925 od
320 862 457 906 oeeosum
473 842 551 916 (sive
569 839 610 904 ad
626 842 892 924 septentriones);
910 843 971 908 iltae
986 863 1061 910 vero
1082 865 1215 910 seorsum

140 969 259 1014 versus
276 968 427 1014 auroram
440 949 615 1038 solemque.
637 975 650 1000 »

185 1055 353 1130 Quantum
378 1057 462 1120 inter
476 1074 509 1119 se
526 1053 620 1119 verba
643 1055 697 1120 ilia
714 1056 899 1122 dissentiant
915 1064 969 1124 aut
989 1076 1100 1123 avero
1111 1058 1215 1124 absint
1317 1121 1322 1128 .

142 1164 223 1228 satis
236 1168 332 1246 patet,
349 1180 423 1226 eum
444 1163 512 1245 ipsa
528 1162 634 1226 ithaca
649 1165 776 1226 humilis
793 1163 832 1227 sit
853 1170 884 1227 et
898 1166 960 1226 lete
972 1169 1142 1244 conpiano,
1156 1163 1215 1230 Ce-

142 1270 308 1352 phallenia
323 1289 398 1332 vero
418 1270 476 1332 sita
494 1269 533 1332 sit
546 1269 586 1332 ad
603 1268 774 1333 meridiem
796 1269 907 1334 autad
924 1288 1087 1346 auroram,
1106 1289 1214 1335 remo-

140 1379 209 1444 tior
233 1379 273 1442 ah
290 1379 406 1453 ithaca,
422 1376 565 1441 Dulichio
589 1384 700 1441 eontra
725 1384 756 1440 et
780 1378 938 1459 Zacyntho
962 1379 1119 1462 proxima.
1140 1380 1216 1454 Qua

51 1493 57 1510 '
142 1503 222 1550 eum
244 1485 287 1548 ita
307 1484 379 1559 sint,
398 1484 424 1546 si
439 1484 525 1568 ζόφος,
544 1488 579 1545 ut
599 1484 708 1547 Vossio
725 1481 853 1566 placuit,
871 1483 1216 1568 proseptentrionibus

142 1593 371 1674 intelligendus
381 1599 438 1666 est,
455 1592 591 1654 tortunae
607 1591 724 1671 gratias
736 1609 871 1673 agamus
883 1610 965 1672 quae,
978 1609 1087 1654 versus
1100 1591 1221 1664 Leucae

143 1710 199 1767 ten
227 1707 258 1764 et
281 1696 485 1782 Aquilonem,
515 1697 754 1780 Cephalleniam
781 1698 888 1760 Ithaca
911 1698 1007 1780 paulo
1030 1699 1215 1766 interiorem

142 1827 217 1872 esse
235 1804 384 1882 decrevit3
398 1811 429 1868 at
446 1804 483 1879 si,
497 1805 607 1867 Vossio
620 1812 757 1880 errante,
769 1805 885 1868 rectius
899 1805 1048 1868 Voelherii
1062 1805 1217 1886 interpre-

143 1914 247 1984 tatio’
262 1912 493 1995 septentriones
514 1929 628 1974 occasu
651 1912 954 1987 commutantium
978 1930 1095 1994 parum
1121 1911 1218 1994 profr-

143 2027 233 2086 eeret
256 2024 487 2102 perangustum
519 2018 605 2082 hune
630 2018 809 2084 distendere
834 2019 940 2084 sinum
968 2021 1022 2101 qui
1047 2026 1216 2101 utramque

137 2127 288 2206 ¹insolam
302 2123 409 2187 dividit
423 2141 430 2186 :
442 2123 527 2204 ipsas
538 2124 633 2192 etiarn
651 2124 734 2188 inter
750 2143 784 2190 se
793 2132 992 2191 commutare
1008 2125 1117 2190 sedem
1130 2127 1218 2195 insu-

144 2232 202 2306 las,
228 2232 432 2314 Ithacamque
457 2219 764 2294 errare'thlkerius
786 2231 894 2313 juhet;
918 2232 969 2299 oui
986 2250 1051 2315 non
1078 2213 1215 2308 montes,

129 2355 213 2416 non
229 2338 333 2400 maria
350 2336 487 2410 obstant,
508 2336 597 2418 quin,
617 2335 730 2398 invitos
751 2337 835 2409 licet,
857 2337 897 2400 ad
921 2355 1013 2402 suain
1032 2336 1217 2420 opinionem

145 2445 327 2509 Homerum
344 2443 512 2524 ipsamque
528 2441 680 2508 Graeciam
694 2443 841 2508 adducat.

186 2556 217 2612 2.
237 2550 329 2614 Hune
349 2567 426 2612 vero
443 2547 587 2630 Odyssea
606 2549 717 2611 loeum
732 2548 799 2632 qui,
817 2549 858 2612 oh
876 2548 970 2636 falsas
990 2555 1044 2612 aut
1059 2556 1218 2634 contortas

148 2655 428 2738 interpretationes
444 2674 485 2717 ne
497 2655 630 2736 intelligi
645 2655 774 2737 quidem
792 2662 904 2737 potest,
917 2655 986 2719 sine
999 2655 1095 2720 dubio
1110 2662 1218 2723 tamen

147 2760 280 2842 intelligi
299 2778 393 2842 posse
405 2766 538 2834 constat,
558 2759 677 2841 quippe
690 2761 745 2842 qui
755 2760 914 2823 veteribus
931 2759 1147 2841 grammaticis
1159 2778 1234 2824 nee·

145 2865 368 2958 interpolatus,
385 2884 444 2928 nee
459 2865 611 2928 delendus
627 2865 877 2928 restituendusve
897 2866 981 2928 visus
995 2872 1052 2928 est.
1070 2865 1170 2940 Quem
1185 2873 1221 2927 ut

147 2971 215 3054 ipse
230 2972 493 3054 interpretatione
506 2989 588 3033 nova
606 2971 776 3052 explanare
790 2971 923 3051 possim,
942 2971 1022 3032 nihil
1038 2970 1124 3033 ahud
1140 2969 1219 3048 mihi

147 3078 365 3141 necessarium
382 3077 506 3140 videtur
521 3075 582 3140 nisi
599 3081 634 3140 ut
649 3075 757 3156 aliqua
771 3075 894 3152 vernat,
914 3075 1149 3158 propemodum
1161 3093 1220 3138 ex-

148 3184 276 3264 pletiva,
288 3183 419 3246 liberius
433 3190 564 3257 vertam,
577 3181 754 3264 praesertim
763 3200 837 3245 vero
851 3189 898 3258 ut,
912 3183 1033 3265 siquod
1044 3184 1220 3247 mathema·-

149 3287 251 3355 tieum
262 3289 451 3352 vocabulum
468 3289 609 3352 aVossio
629 3293 683 3351 aut
697 3288 856 3352 Voetkerio
874 3288 1049 3354 admissum
1068 3289 1220 3366 est,'ittud

151 3397 285 3458 omnino
309 3413 460 3478 respuam
479 3414 486 3458 :
502 3395 568 3478 jam
593 3395 681 3458 enim
700 3395 818 3459 seimus
840 3397 1015 3460 Homerum
1038 3395 1132 3460 nobis
1153 3415 1220 3460 non

71 3525 73 3528 ·
150 3501 349 3567 theoremata
366 3501 641 3584 cosmographioa,
657 3501 714 3566 sed
731 3503 870 3584 poeticas
885 3503 1041 3586 imagines
1057 3502 1219 3570 obtulisse.

184 3676 205 3720 t.
218 3672 257 3722 dt.
268 3671 378 3732 Voelker,
388 3687 413 3736 p.
426 3675 467 3724 tt.

182 3750 206 3798 2.
221 3751 280 3806 Qua
292 3747 408 3812 pluribus
417 3749 470 3812 tem
483 3754 541 3801 ante
554 3749 702 3813 placuerat:
717 3748 750 3800 et.
765 3747 849 3806 thail,
865 3747 975 3798 diction.
988 3743 1136 3803 d'itomire.
1155 3758 1177 3794 a.
1194 3757 1220 3793 v·

151 3821 236 3883 ζόφος,
249 3828 294 3873 aut
306 3822 393 3886 potius
404 3823 512 3882 Voeiken
526 3837 552 3888 p.
566 3827 605 3874 ta.

183 3900 206 3947 3.
222 3899 324 3950 Πολλαί.
341 3900 416 3963 μάλα.
432 3899 481 3948 πᾶν
500 3898 527 3950 in
542 3899 618 3950 verbo
630 3899 818 3966 πανυπερτάτη.
832 3899 917 3949 duruit
926 3912 932 3946 :
942 3909 1006 3962 quae.
1020 3900 1051 3946 ut
1062 3899 1146 3946 cetera
1157 3894 1223 3959 ejus-

152 3972 220 4022 modi
234 3974 322 4032 verha‚
339 3973 422 4024 rarius
438 3975 464 4025 in
481 3974 623 4026 Homerioie
637 3975 810 4039 poematibus,
830 3973 897 4024 haud
909 3987 983 4024 serus
997 3979 1073 4036 etque
1089 3971 1114 4024 in
1131 3986 1226 4024 sermo-

154 4047 228 4115 nibus
241 4063 387 4113 puerorum,
400 4050 513 4102 eamdem
528 4049 579 4102 vim
591 4049 686 4100 habent
696 4065 772 4115 quam
784 4050 810 4102 in
822 4047 967 4114 posterioris
980 4048 1061 4098 aetatis
1072 4047 1152 4099 libris.
