3046 4956
685 400 880 472 ...50-

250 547 389 630 pinxisse
398 549 469 630 yam
486 550 559 613 satis
577 551 718 622 constot;
736 544 821 628 qtrod
838 547 907 608 sinc
922 545 1019 610 dubio
1039 553 1069 611 et
1084 565 1143 612 nos
1160 564 1219 629 pro
1236 545 1326 610 viriti'

248 663 338 739 parte
354 657 660 722 confirmaverimus.

288 767 463 829 Homerum
487 783 564 847 ergo
584 764 701 828 ducem
725 762 862 826 viatores
884 762 1008 844 ipsique
1031 762 1206 843 geographi
1227 764 1317 844 sequi

250 871 403 935 tutissime
430 877 582 954 possunt,
605 867 781 934 dummodo
804 867 841 930 iis
865 868 899 932 in
923 873 1063 930 mentem
1085 866 1318 933 inconsiderate

201 985 207 1010 ⁹
248 996 315 1043 non
330 977 452 1042 venerit
475 975 570 1040 Iliade
595 982 626 1039 et
650 973 787 1057 Odyssea
810 974 1011 1056 geometricae
1032 959 1145 1037 tabulae
1167 974 1234 1038 vice
1257 973 1316 1048 uti,

249 1101 319 1164 quae
335 1083 480 1146 locorum
497 1082 577 1145 nihil
592 1080 679 1144 aliud
698 1079 869 1143 ostendunt
886 1097 982 1162 quam
1000 1079 1172 1161 imagines;
1191 1079 1246 1142 sed
1263 1097 1317 1143 eas

248 1191 402 1272 religiosae
420 1207 583 1271 expressas
603 1189 830 1270 proximasque
846 1187 980 1252 veritati.
1004 1186 1123 1251 Idcirco
1149 1186 1316 1259 Straboni,

247 1301 427 1377 nostreque
448 1295 546 1358 aetatis
568 1293 750 1357 clarissimis
765 1293 965 1367 viatoribus¹,
989 1310 1065 1355 eum
1087 1291 1147 1354 sihi
1166 1291 1316 1355 comitem

246 1401 368 1464 itineris
384 1401 502 1482 eligere
518 1418 584 1483 prae
601 1398 752 1463 omnihus
769 1397 897 1481 placuit.
914 1399 962 1461 lle
979 1415 1118 1479 quoque,
1136 1413 1203 1460 non
1219 1395 1317 1461 modo

247 1509 369 1585 Ithacae,
388 1508 489 1572 autin
504 1525 584 1588 agro
599 1505 751 1588 Trojan0,
773 1504 829 1569 sed
846 1503 999 1569 Graeciam
1015 1521 1073 1585 per
1089 1520 1231 1580 omnem,
1248 1503 1317 1567 Ho-

247 1614 328 1678 meri
341 1615 479 1697 vestigiis
489 1613 639 1676 institisse
653 1611 817 1694 profiteor,
832 1629 891 1676 nec
905 1611 1019 1684 ullum,
1032 1609 1082 1672 vel
1094 1627 1132 1672 ex
1144 1609 1317 1686 veteribus,

246 1727 374 1803 poetam
384 1726 439 1784 aut
449 1719 637 1784 historicum
651 1736 732 1794 esse,
748 1719 849 1800 cuius,
863 1724 899 1781 ut
915 1705 961 1780 ita'
974 1715 1250 1798 dicam,auspiciis
1262 1735 1315 1780 me

245 1825 397 1889 libentius
415 1825 645 1890 commiserim.

287 1933 385 2008 Sane,
411 1932 608 2012 ubicumque
635 1930 820 1994 recentioris
843 1929 982 1994 historiae
1006 1929 1171 1994 abundant
1198 1946 1315 1992 monu-

246 2043 370 2112 menta,
387 2036 546 2100 Herodoto
564 2041 594 2098 et
613 2033 789 2116 Thucydidi
806 2035 963 2099 Homerus
980 2036 1078 2114 cedit;
1098 2035 1212 2118 saepius
1228 2034 1315 2098 cele-

246 2141 359 2206 hratur
372 2143 406 2205 in
423 2142 549 2224 Cephisi
562 2142 640 2224 ripis
658 2141 823 2224 Sophoclis
837 2143 1040 2225 Platonisque
1056 2161 1188 2226 nomen,
1204 2142 1317 2206 obver-

247 2256 397 2333 saturque
418 2250 452 2313 in
472 2250 594 2320 sanctis,
609 2249 809 2313 Athenarum
828 2250 930 2315 ruinis
950 2250 1070 2314 Phidiae
1091 2250 1259 2314 memoria.
1281 2251 1315 2314 Si

246 2375 321 2420 vero
346 2357 472 2421 Graeciae
490 2356 593 2438 ipsam
611 2363 760 2420 naturam
781 2339 1050 2439 contemplamur,
1073 2363 1214 2421 mentem
1236 2357 1316 2422 suh·

248 2471 324 2528 eunt
344 2463 441 2527 simul
459 2479 568 2525 versus
588 2461 795 2544 quibusoam
816 2462 990 2538 Homerus,
1009 2464 1085 2546 ipsis
1107 2463 1267 2529 Herodoto
1284 2471 1316 2529 et

248 2569 404 2652 Sophocle
421 2568 547 2642 melius,
566 2566 718 2649 depinxit.
730 2566 909 2640 Quinetiam
927 2568 952 2632 si
969 2587 1074 2634 mores
1092 2569 1201 2653 populi
1217 2569 1316 2652 inspi-

249 2675 365 2750 cimus,
390 2675 549 2738 miramur
569 2672 655 2756 quod
679 2680 749 2756 post
772 2679 817 2738 tot
839 2675 945 2738 secula
969 2675 1097 2741 Graeciae
1115 2693 1181 2740 non
1206 2677 1316 2742 minus

248 2783 359 2848 incolae
382 2801 480 2866 quam
503 2782 572 2866 ipsa
595 2787 710 2846 natura
735 2781 796 2845 sihi
818 2783 1029 2860 constiterint,
1065 2802 1103 2848 eo
1136 2785 1313 2866 praesertim

250 2896 392 2972 tempore
412 2908 486 2973 quo,
505 2895 578 2952 ante
594 2894 814 2970 recuperatam
830 2888 1020 2964 libertatem,
1040 2889 1216 2952 teliciorum
1233 2896 1314 2954 tem-

248 3016 365 3081 porum
373 2998 576 3080 pristinaque
590 2996 698 3078 gloriae
712 3015 802 3079 paene
814 2999 1031 3082 immemores
1043 2998 1313 3078 longaeservitutis

247 3105 375 3168 labores
395 3111 427 3168 et
448 3104 619 3187 opprobriis
636 3103 760 3168 Graecos
784 3105 824 3168 ad
841 3105 1070 3188 simpliciorem
1086 3104 1206 3168 cultum
1223 3122 1314 3168 revo-

249 3214 417 3282 caverunt,
439 3215 469 3271 et
489 3208 529 3271 ad
550 3225 604 3270 eos
621 3225 728 3270 mores
750 3227 830 3290 quos
847 3227 885 3272 ex
903 3209 999 3272 iliade
1015 3217 1045 3275 et
1061 3209 1197 3291 Odyssea
1215 3227 1315 3272 nore·

249 3330 371 3377 ramus.
829 3377 832 3384 ,

292 3421 336 3483 lta
355 3437 421 3484 uon
438 3417 570 3482 omnino
587 3436 621 3481 se
636 3437 753 3482 noram
775 3427 805 3483 et
822 3421 964 3501 ignotam
981 3438 1093 3484 eorum
1110 3421 1209 3485 oculis
1226 3421 1312 3484 Grae-

251 3529 299 3593 cia
313 3530 379 3592 haec
397 3531 504 3590 nostra
521 3543 556 3589 se
569 3526 661 3589 offert
674 3526 729 3607 qui
744 3513 874 3590 Homeri
890 3527 1017 3590 lectioni
1032 3535 1253 3605 assueverant,
1269 3529 1318 3592 ia·,

216 3756 219 3763 '
283 3757 306 3804 t.
320 3754 389 3800 Inter
405 3763 468 3814 quos
482 3749 524 3798 hic
541 3748 699 3799 memorandi·
712 3748 853 3814 presertim
865 3749 984 3800 videntur
994 3753 1087 3812 Wood,
1106 3754 1173 3812 Gell,
1194 3753 1313 3804 choiseul

252 3824 453 3876 Ghateauhriand
461 3831 487 3876 et
497 3825 603 3890 Ampere
614 3826 651 3890 (lc
663 3825 749 3875 Pedite
758 3839 863 3888 praeque
875 3839 906 3874 en
920 3825 1002 3886 Grece,
1020 3831 1095 3892 salty
1114 3843 1199 3894 quern,
1209 3836 1238 3880 ut
1251 3843 1311 3889 nos,

252 3901 392 3952 Homericae
403 3899 639 3966 poeseosillecehrae
651 3914 680 3950 eo
688 3900 813 3950 adduxere
820 3906 856 3958 ut,
866 3900 994 3964 protessus
1002 3902 1316 3954 sedicturumindistincte

253 3976 312 4041 quid
324 3976 418 4026 Graeoia
429 3989 488 4026 eum
500 3976 531 4024 de
543 3975 788 4040 antiquioribus2suis
798 3977 880 4039 poetis
890 3977 1014 4038 docuerit,
1026 3980 1152 4043 pergendo
1162 3994 1214 4030 non
1225 3993 1311 4030 sense-

254 4051 286 4101 rit
295 4067 322 4101 se
334 4053 365 4102 de
377 4056 486 4102 Homero
498 4067 568 4116 paene
584 4054 637 4104 solo
650 4048 739 4116 loqui.v
